4400 6175
525 689 564 751 16
1139 688 1160 755 l,
1172 689 1206 744 37
1220 706 1259 758 sq.

522 861 653 927 confusa
678 881 748 926 esse
770 868 803 927 et
824 882 864 926 55
886 861 1078 945 sicquidem
1099 861 1178 929 satis
1202 862 1355 949 explicari
1368 882 1427 928 555
1442 867 1572 929 5555155
1586 863 1755 931 lectionem
1770 867 1876 930 5741

522 967 590 1050 (54,
604 966 663 1050 26)
686 985 745 1029 555
767 983 897 1030 555555
919 985 947 1030 a.
961 967 1023 1030 757
1042 966 1110 1051 (55,
1130 967 1186 1051 13)
1201 968 1408 1033 5555515555
1424 988 1537 1032 555555
1552 987 1643 1034 veros
1665 991 1698 1034 a:
1710 971 1787 1034 746.
1802 971 1879 1034 767.

522 1069 584 1133 Sed
608 1089 684 1133 cura
705 1069 811 1152 legum
839 1089 1025 1152 morumque
1053 1069 1114 1134 etsi
1136 1069 1292 1135 continuit
1319 1053 1447 1136 omnino
1476 1071 1656 1137 concedam
1680 1078 1879 1158 potestatem,

521 1179 628 1238 tamen
652 1173 736 1257 quod
758 1173 798 1236 de
820 1173 1015 1257 praefectura
1036 1191 1161 1238 morum
1176 1175 1319 1239 Caesaris
1341 1167 1504 1241 dictatoris
1526 1169 1666 1240 diximus
1690 1197 1760 1240 eam
1782 1176 1880 1240 latius

521 1277 663 1362 patuisse
684 1297 827 1353 censura,
856 1277 956 1341 multo
978 1278 1080 1360 magis
1105 1277 1144 1342 de
1166 1278 1226 1342 hac
1248 1279 1385 1362 Augusti
1409 1300 1485 1344 cura
1508 1275 1759 1356 dicendum-est,
1783 1273 1881 1362 quarn

521 1381 590 1465 ipse
604 1380 767 1462 Augustus
791 1379 853 1444 sibi
869 1380 976 1446 datam
992 1402 1061 1447 esso
1077 1382 1190 1447 scribit
1206 1382 1252 1467 [τῇ
1269 1382 1550 1468 pshicrp-ticociq,
1573 1397 1700 1448 summa
1713 1389 1879 1468 potestate,

521 1505 597 1549 sene
619 1505 682 1548 non
705 1485 774 1549 5155
795 1485 909 1550 155555
930 1504 1035 1564 55555,
1059 1507 1118 1552 555
1140 1486 1209 1551 5155
1233 1507 1330 1552 55555
1349 1487 1385 1552 15
1407 1488 1477 1573 1555
1499 1486 1628 1552 555155
1645 1487 1881 1571 5155555551-

521 1589 594 1652 dem
616 1587 683 1653 loco
706 1588 746 1652 ad
768 1608 869 1653 mores
893 1588 1033 1653 adiectae
1050 1596 1125 1654 sunt
1139 1590 1236 1673 leges.
1276 1591 1419 1675 Denique
1434 1591 1520 1654 idem
1533 1589 1656 1654 indicat
1670 1609 1778 1654 rernm
1791 1591 1878 1667 ordo,

522 1691 649 1776 qualem
671 1693 735 1756 fere
758 1691 890 1756 tradidit
905 1691 975 1755 Dio.
1014 1692 1097 1757 Nam
1119 1713 1201 1757 anno
1224 1713 1255 1757 u.
1273 1715 1299 1758 5.
1316 1695 1380 1758 735
1391 1690 1539 1776 Ι5555515
1555 1693 1652 1757 51155
1665 1699 1736 1758 155
1750 1692 1786 1757 15
1800 1694 1881 1758 Asia

520 1801 662 1860 morante
687 1813 759 1859 555
781 1795 823 1860 M.
845 1793 997 1878 Egnatius
1014 1796 1115 1860 115155
1144 1796 1179 1860 15
1207 1788 1320 1860 15555
1334 1797 1472 1879 Augusti
1501 1797 1559 1879 qui
1585 1802 1748 1860 recusarat
1768 1816 1880 1861 consu·

521 1899 623 1963 latum
644 1904 755 1983 petens
778 1899 889 1964 turbas
906 1899 1092 1964 suscitasset
1106 1919 1209 1983 noque
1225 1920 1244 1963 a
1259 1899 1409 1964 caedibus
1426 1900 1634 1964 abstinuisset
1648 1899 1880 1982 consiliumque

520 2001 598 2066 adeo
625 2002 726 2086 ipsius
749 2003 887 2086 Augusti
913 2002 1125 2068 interficiendi
1152 2004 1284 2088 cepisse·
1303 2003 1475 2081 51551515,
1505 2003 1595 2068 urbis
1624 2008 1731 2068 autem
1747 2009 1881 2088 'proptor

519 2106 596 2169 haec
623 2105 756 2170 consilia
784 2112 957 2170 commotae
986 2127 1070 2170 unus
1099 2106 1155 2190 qui
1177 2113 1246 2171 tum
1268 2113 1337 2172 erat
1358 2107 1469 2171 consul
1491 2107 1526 2174 O.
1543 2105 1671 2172 Sentius
1699 2106 1878 2171 custodiam

520 2230 539 2273 a
561 2213 672 2274 senatu
696 2209 759 2274 sibi
773 2208 956 2273 mandatam
972 2215 1124 2292 tanquam
1139 2215 1228 2274 tanto
1243 2209 1369 2292 negotio
1383 2210 1487 2294 impar
1502 2204 1687 2286 recusasset,
1711 2211 1877 2292 Augustus

520 2312 659 2396 primum
686 2311 720 2375 in
742 2311 857 2377 itinere
885 2311 916 2376 ei
937 2313 985 2376 rei
1006 2311 1147 2396 providit
1166 2318 1205 2375 ut
1233 2313 1351 2397 potuit,
1381 2311 1496 2376 deinde
1522 2311 1725 2377 51505112
1747 2313 1883 2378 Romam

517 2405 780 2482 5555555511155
803 2417 842 2482 de
873 2427 936 2500 qua
958 2416 1081 2500 agimus
1105 2435 1214 2480 curam
1242 2411 1566 2502 55555511’(1)1554,
1591 2416 1632 2481 10
1655 2415 1726 2480 coll.
1743 2416 1800 2493 53,
1817 2417 1876 2494 34ς

518 2519 600 2584 Vell.
618 2521 648 2596 3,
665 2521 718 2588 91.
735 2522 791 2602 923
817 2521 903 2586 Suet.
921 2522 1000 2604 Aug.
1020 2521 1085 2605 19).
1125 2519 1215 2598 Quod
1237 2521 1349 2585 fecisse
1372 2539 1446 2585 eum
1469 2519 1510 2584 ad
1525 2525 1652 2584 ¹statum
1669 2519 1879 2604 reipublicae

518 2621 728 2689 ordinandum
750 2643 813 2690 non
837 2624 940 2690 solum
962 2625 1104 2690 moribus
1133 2623 1295 2707 regendis,
1326 2623 1385 2688 sed
1405 2622 1555 2688 maxime*
1572 2623 1664 2687 novis
1685 2621 1880 2706 legibus-'ie-

518 2726 637 2805 rendis,
662 2733 787 2813 praetor
808 2747 922 2794 nomen
945 2728 1085 2813 primum
1115 2724 1255 2792 declarat
1277 2726 1361 2810 quod
1384 2721 1482 2791 adicit
1502 2719 1880 2808 Dio'sonatum-legibns

518 2831 558 2896 ab
576 2833 719 2914 Augusto
741 2830 879 2896 ferendis
902 2823 1015 2896 nomon
1038 2829 1101 2895 iem
1125 2836 1195 2895 tum
1216 2828 1373 2894 indidisse
1388 2830 1605 2912 Augustarum
1628 2833 1660 2894 et
1673 2829 1708 2893 in
1724 2828 1879 2892 eas-iura-

516 2941 624 3000 turum
639 2935 738 3000 iuisse
761 2934 845 3020 (τοὺς
866 2933 977 3021 νόμους
998 2935 1067 3004 τοὺς
1089 2932 1340 3021 γραφησομένως
1361 2932 1415 2996 ὑπ’
1434 2932 1527 2996 55τοῦ
1544 2929 1737 3016 Αὐγούστους
1759 2932 1879 2996 ἐκεῖθεν

516 3039 575 3126 ἤδη
598 3037 822 3127 προσηγόρευον
845 3041 897 3104 καὶ
927 3037 1064 3126 ἐμμένειν
1089 3039 1186 3124 σφίσιν
1217 3034 1327 3122 ὀμόσαι
1349 3036 1487 3122 ἤθελον),
1518 3034 1741 3120 deindctqnod
1760 3032 1878 3099 ‘atto

518 3166 592 3209 vero
614 3144 700 3227 leges
723 3144 807 3209 latae
831 3148 914 3219 sunt,
939 3162 1020 3225 quae
1042 3139 1207 3205 ambitum.
1220 3140 1313 3204 illum
1335 3140 1480 3223 aliasque
1500 3158 1615 3223 pravas
1631 3138 1879 3205 consuetudines

516 3247 678 3323 tollerent,
708 3246 747 3311 de
771 3246 908 3321 ambitu,
939 3242 1152 3327 sumptuaria,
1183 3242 1222 3305 de
1244 3241 1432 3307 maritandis
1455 3242 1620 3307 ordinibus
1644 3242 1788 3327 (111554,
1807 3242 1878 3327 16)

515 3351 660 3435 Denique
684 3350 768 3433 quod
790 3349 953 3430 Augustus
976 3351 1106 3410 senatus
1128 3345 1295 3410 lectionem
1325 3367 1352 3410 a.
1369 3346 1434 3410 736
1457 3365 1541 3411 nova
1568 3344 1664 3430 plene
1692 3345 1815 3411 5511555
1842 3352 1880 3411 51

516 3476 589 3519 555
603 3474 725 3518 summo
746 3450 848 3537 ipsius
872 3449 1054 3515 discrimine
1077 3449 1151 3514 iniit
1165 3456 1409 3534 senatorumque
1424 3470 1593 3514 numerum
1608 3446 1630 3513 'a
1643 3448 1732 3513 mille
1748 3448 1878 3531 redegit

517 3558 558 3622 ad
588 3562 752 3622 sexcentos
783 3555 961 3639 (1)151.5.;
994 3553 1081 3619 Suet.
1112 3555 1191 3636 Aug.
1214 3554 1288 3638 35),
1319 3553 1444 3618 excedit
1468 3549 1876 3637 ’55555515555155151555

518 3662 622 3746 qualis
644 3666 807 3748 praeterea
829 3658 897 3723 dari
920 3658 1056 3735 solebat,
1087 3657 1226 3723 streete
1250 3657 1394 3723 trahetur
1423 3657 1464 3722 ad
1494 3676 1651 3721 summam
1664 3656 1876 3741 potestatem,

516 3784 612 3851 quam
634 3764 704 3850 ipsc
725 3762 896 3849 imperator
910 3762 969 3827 hoc
984 3763 1052 3827 loco
1068 3762 1180 3827 scribit
1194 3780 1230 3826 eo
1245 3756 1386 3846 ternpore
1402 3779 1436 3826 se
1452 3760 1637 3845 555551555.’
1663 3759 1877 3836 Quamobrem

514 3890 622 3935 curam
633 3867 770 3951 Augusti
784 3868 890 3949 legum
904 3885 1090 3950 morumque
1105 3866 1175 3930 iure
1191 3884 1413 3951 5555555555
1429 3886 1500 3929 cum
1516 3885 1563 3943 ea,
1581 3860 1678 3947 qnam
1691 3862 1878 3927 habuerunt

514 3958 684 4037 decemuiri
711 3972 835 4053 legibus
850 3969 1042 4035 'scribundis
1073 3990 1232 4053 quamque
1255 3969 1381 4053 accepit
1407 3966 1475 4050 lege
1497 3966 1625 4032 Valeria
1646 3966 1682 4029 L.
1699 3964 1807 4043 Sulla,
1829 3966 1877 4029 ad

515 4086 650 4159 quorum
672 4074 852 4158 exemplum
874 4094 937 4137 non
961 4080 1088 4137 senatus
1110 4079 1237 4138 tantum
1257 4072 1390 4148 decreto,
1415 4069 1470 4135 555
1499 4070 1610 4156 555511
1632 4087 1758 4153 quoqne
1779 4068 1876 4133 iussu

513 4164 1029 4261 comitiisqus'habicis'sugusms
1053 4196 1124 4241 eam
1144 4173 1291 4261 suscepit
1327 4174 1456 4268 Ambigi
1471 4179 1585 4259 potest,
1609 4179 1718 4238 utrum
1733 4172 1874 4240 iustum

513 4280 668 4366 acceperit
696 4279 736 4344 ad
765 4270 945 4365 exemplum
969 4278 1077 4343 Sullae
1104 4279 1212 4362 legum
1241 4276 1417 4347 dandarum
1448 4276 1564 4362 populo
1587 4276 1627 4341 55
1649 4276 1691 4341 115
1713 4295 1776 4341 555
1798 4276 1874 4339 555-

513 4384 597 4449 55115
619 4406 658 4449 55
675 4385 715 4449 55
731 4383 912 4469 exemplum
929 4382 1143 4448 decemvirum
1157 4382 1265 4465 legum
1280 4382 1321 4445 ad
1335 4380 1489 4466 populum
1504 4378 1720 4459 ferendarum
1743 4378 1803 4444 hoc
1815 4399 1874 4442 re·

513 4507 591 4575 rums
601 4508 670 4553 5555
687 4489 821 4555 efficitur
837 4478 931 4552 exiis
948 4505 1030 4570 quae
1046 4486 1213 4551 traduntur
1229 4485 1352 4567 delego
1367 4484 1508 4549 maritali
1521 4504 1589 4549 non·
1599 4483 1669 4548 sine
1684 4481 1875 4549 difficultate

511 4592 641 4676 perlato.
676 4593 745 4658 Iam
766 4612 840 4658 vero
862 4590 959 4655 huius
982 4609 1074 4655 curae
1097 4595 1211 4654 natura
1225 4593 1390 4673 perspecta
1406 4608 1470 4652 non
1484 4586 1673 4652 mirabimur
1687 4586 1873 4669 Augustum

512 4694 552 4759 de
580 4716 617 4761 oa
644 4698 678 4762 in
702 4694 924 4761 commentario
955 4695 1070 4761 referre
1098 4700 1165 4759 tam
1191 4699 1335 4758 accurata
1362 4697 1515 4775 tantaque
1542 4712 1615 4756 cnm
1636 4688 1798 4773 gravitate.
1824 4728 1871 4741 -

510 4798 659 4865 Extrema
686 4820 880 4886 quamquam
907 4804 1053 4885 corrupta
1079 4818 1138 4863 noc
1167 4796 1255 4863 satis
1278 4796 1427 4861 restituta
1452 4801 1560 4860 tamen
1588 4799 1695 4878 aperte
1724 4790 1872 4859 indicant

509 4892 690 4985 Augustum
709 4892 790 4988 ⁴poet
819 4895 994 4987 depositam
1023 4909 1132 4967 cutam
1160 4921 1256 4985 quam
1277 4903 1459 4985 susceperat
1481 4916 1510 4961 a.
1526 4898 1590 4961 713
1619 4894 1870 4979 5555555515

510 5012 622 5071 senatu
643 5014 817 5091 rogaretur,
848 5012 884 5070 ut
913 4998 1045 5072 eandem
1069 5006 1247 5071 similemue
1267 5004 1371 5069 denuo
1393 5002 1592 5087 susciperet,¹
1610 4998 1751 5064 noluisse
1773 4999 1869 5083 (nam

509 5109 631 5175 hiatum
653 5132 682 5178 v.
699 5113 738 5177 18
762 5110 802 5177 ad
825 5110 1015 5176 sententiam
1042 5109 1088 5175 ita
1115 5111 1180 5174 iere
1206 5106 1405 5193 explendum
1428 5124 1554 5171 censeor
1584 5104 1680 5190 ἀρχὴν
1703 5100 1869 5188 oddepdtcv]

2033 1137 2035 1188 r
