<?xml version="1.0" encoding="UTF-8"?>
<!DOCTYPE html PUBLIC "-//W3C//DTD XHTML 1.0 Transitional//EN"
    "http://www.w3.org/TR/xhtml1/DTD/xhtml1-transitional.dtd">
<html xmlns="http://www.w3.org/1999/xhtml" xml:lang="en" lang="en">
 <head>
  <title>
</title>
<meta http-equiv="Content-Type" content="text/html;charset=utf-8" />
  <meta name='ocr-system' content='tesseract 3.04.00' />
  <meta name='ocr-capabilities' content='ocr_page ocr_carea ocr_par ocr_line ocrx_word'/>
</head>
<body>
  <div class='ocr_page' id='page_1' title='image "./resgestaediviau02augugoog_0186.png"; bbox 0 0 4400 6175; ppageno 0'>
   <div class='ocr_carea' id='block_1_1' title="bbox 897 1363 1573 1443">
    <p class='ocr_par' dir='ltr' id='par_1_1' title="bbox 897 1363 1573 1443">
     <span class='ocr_line' id='line_1_1' title="bbox 897 1363 1573 1443; baseline -0.004 -3"><span class='ocrx_word' id='word_1_1' title='bbox 897 1366 1138 1443; x_wconf 83' lang='lat' dir='ltr'><strong>ADDENDA</strong></span> <span class='ocrx_word' id='word_1_2' title='bbox 1165 1369 1226 1443; x_wconf 83' lang='lat' dir='ltr'><strong>ET</strong></span> <span class='ocrx_word' id='word_1_3' title='bbox 1252 1363 1573 1442; x_wconf 76' lang='lat' dir='ltr'><strong>EMENDANDA.</strong></span> 
     </span>
    </p>
   </div>
   <div class='ocr_carea' id='block_1_2' title="bbox 555 1716 1478 1802">
    <p class='ocr_par' dir='ltr' id='par_1_2' title="bbox 555 1716 1478 1802">
     <span class='ocr_line' id='line_1_2' title="bbox 555 1716 1478 1802; baseline -0.004 -22"><span class='ocrx_word' id='word_1_4' title='bbox 555 1740 584 1802; x_wconf 93' lang='lat' dir='ltr'><strong>p.</strong></span> <span class='ocrx_word' id='word_1_5' title='bbox 599 1737 674 1780; x_wconf 67' lang='lat' dir='ltr'><strong>nisu</strong></span> <span class='ocrx_word' id='word_1_6' title='bbox 699 1717 732 1780; x_wconf 90' lang='lat' dir='ltr'><strong>in</strong></span> <span class='ocrx_word' id='word_1_7' title='bbox 756 1723 830 1780; x_wconf 89' lang='lat' dir='ltr'><strong>nota</strong></span> <span class='ocrx_word' id='word_1_8' title='bbox 853 1716 893 1779; x_wconf 92' lang='lat' dir='ltr'><strong>ad</strong></span> <span class='ocrx_word' id='word_1_9' title='bbox 917 1737 946 1779; x_wconf 89' lang='lat' dir='ltr'><strong>v.</strong></span> <span class='ocrx_word' id='word_1_10' title='bbox 960 1718 1003 1779; x_wconf 87' lang='lat'><strong>40</strong></span> <span class='ocrx_word' id='word_1_11' title='bbox 1027 1738 1084 1779; x_wconf 89' lang='lat' dir='ltr'><strong>scr.</strong></span> <span class='ocrx_word' id='word_1_12' title='bbox 1108 1723 1227 1781; x_wconf 63' lang='lat' dir='ltr'><strong>isson</strong></span> <span class='ocrx_word' id='word_1_13' title='bbox 1253 1738 1309 1801; x_wconf 90' lang='lat' dir='ltr'><strong>pro</strong></span> <span class='ocrx_word' id='word_1_14' title='bbox 1330 1721 1478 1781; x_wconf 77' lang='lat' dir='ltr'><strong>usurTvsr.</strong></span> 
     </span>
    </p>
   </div>
   <div class='ocr_carea' id='block_1_3' title="bbox 554 1868 1412 1953">
    <p class='ocr_par' dir='ltr' id='par_1_3' title="bbox 554 1868 1412 1953">
     <span class='ocr_line' id='line_1_3' title="bbox 554 1868 1412 1953; baseline -0.001 -17"><span class='ocrx_word' id='word_1_15' title='bbox 554 1887 667 1953; x_wconf 75' lang='lat' dir='ltr'><strong>puers</strong></span> <span class='ocrx_word' id='word_1_16' title='bbox 697 1868 730 1932; x_wconf 94' lang='lat' dir='ltr'><strong>in</strong></span> <span class='ocrx_word' id='word_1_17' title='bbox 755 1868 880 1932; x_wconf 82' lang='lat' dir='ltr'><strong>Graecis</strong></span> <span class='ocrx_word' id='word_1_18' title='bbox 905 1889 935 1952; x_wconf 91' lang='lat' dir='ltr'><strong>p.</strong></span> <span class='ocrx_word' id='word_1_19' title='bbox 953 1870 1039 1946; x_wconf 80' lang='lat'><strong>11,5</strong></span> <span class='ocrx_word' id='word_1_20' title='bbox 1064 1869 1198 1936; x_wconf 89' lang='lat' dir='ltr'><strong>emenda</strong></span> <span class='ocrx_word' id='word_1_21' title='bbox 1220 1891 1412 1935; x_wconf 71' lang='lat' dir='ltr'><strong>sumeres.</strong></span> 
     </span>
    </p>
   </div>
   <div class='ocr_carea' id='block_1_4' title="bbox 554 2015 1901 2189">
    <p class='ocr_par' dir='ltr' id='par_1_4' title="bbox 554 2015 1901 2189">
     <span class='ocr_line' id='line_1_4' title="bbox 554 2015 1901 2104; baseline -0.003 -22"><span class='ocrx_word' id='word_1_22' title='bbox 554 2041 584 2104; x_wconf 92' lang='lat' dir='ltr'><strong>p.</strong></span> <span class='ocrx_word' id='word_1_23' title='bbox 597 2039 636 2083; x_wconf 84' lang='lat' dir='ltr'><strong>nu</strong></span> <span class='ocrx_word' id='word_1_24' title='bbox 660 2039 688 2082; x_wconf 90' lang='lat' dir='ltr'><strong>v.</strong></span> <span class='ocrx_word' id='word_1_25' title='bbox 698 2021 738 2084; x_wconf 86' lang='lat'><strong>35</strong></span> <span class='ocrx_word' id='word_1_26' title='bbox 774 2020 857 2083; x_wconf 90' lang='lat' dir='ltr'><strong>inter</strong></span> <span class='ocrx_word' id='word_1_27' title='bbox 879 2041 922 2082; x_wconf 82' lang='lat' dir='ltr'><strong>us</strong></span> <span class='ocrx_word' id='word_1_28' title='bbox 953 2027 985 2084; x_wconf 88' lang='lat' dir='ltr'><strong>et</strong></span> <span class='ocrx_word' id='word_1_29' title='bbox 1012 2039 1131 2096; x_wconf 58' lang='lat' dir='ltr'><strong>omres</strong></span> <span class='ocrx_word' id='word_1_30' title='bbox 1156 2019 1377 2086; x_wconf 79' lang='lat' dir='ltr'><strong>desiderantur</strong></span> <span class='ocrx_word' id='word_1_31' title='bbox 1406 2019 1564 2083; x_wconf 87' lang='lat' dir='ltr'><strong>elementa</strong></span> <span class='ocrx_word' id='word_1_32' title='bbox 1592 2015 1718 2081; x_wconf 88' lang='lat' dir='ltr'><strong>circiter</strong></span> <span class='ocrx_word' id='word_1_33' title='bbox 1750 2015 1901 2092; x_wconf 83' lang='lat' dir='ltr'><strong>11,v.36</strong></span> 
     </span>
     <span class='ocr_line' id='line_1_5' title="bbox 643 2123 1330 2189; baseline 0.001 -3"><span class='ocrx_word' id='word_1_34' title='bbox 643 2123 730 2187; x_wconf 88' lang='lat' dir='ltr'><strong>inter&#39;</strong></span> <span class='ocrx_word' id='word_1_35' title='bbox 749 2145 807 2186; x_wconf 77' lang='lat' dir='ltr'><strong>vrci</strong></span> <span class='ocrx_word' id='word_1_36' title='bbox 833 2133 864 2187; x_wconf 90' lang='lat' dir='ltr'><strong>et</strong></span> <span class='ocrx_word' id='word_1_37' title='bbox 886 2145 1037 2188; x_wconf 70' lang='lat' dir='ltr'><strong>corissum</strong></span> <span class='ocrx_word' id='word_1_38' title='bbox 1060 2124 1220 2189; x_wconf 83' lang='lat' dir='ltr'><strong>elementa</strong></span> <span class='ocrx_word' id='word_1_39' title='bbox 1242 2126 1330 2188; x_wconf 89' lang='lat' dir='ltr'><strong>c.10.</strong></span> 
     </span>
    </p>
   </div>
   <div class='ocr_carea' id='block_1_5' title="bbox 555 2273 1319 2359">
    <p class='ocr_par' dir='ltr' id='par_1_5' title="bbox 555 2273 1319 2359">
     <span class='ocr_line' id='line_1_6' title="bbox 555 2273 1319 2359; baseline -0.001 -21"><span class='ocrx_word' id='word_1_40' title='bbox 555 2296 585 2359; x_wconf 88' lang='lat' dir='ltr'><strong>p.</strong></span> <span class='ocrx_word' id='word_1_41' title='bbox 600 2293 647 2338; x_wconf 79' lang='lat' dir='ltr'><strong>uxr</strong></span> <span class='ocrx_word' id='word_1_42' title='bbox 671 2273 704 2336; x_wconf 91' lang='lat' dir='ltr'><strong>in</strong></span> <span class='ocrx_word' id='word_1_43' title='bbox 729 2273 926 2348; x_wconf 73' lang='lat' dir='ltr'><strong>Graeculo,</strong></span> <span class='ocrx_word' id='word_1_44' title='bbox 948 2274 986 2338; x_wconf 90' lang='grc'><strong>13</strong></span> <span class='ocrx_word' id='word_1_45' title='bbox 1011 2274 1147 2339; x_wconf 81' lang='lat' dir='ltr'><strong>emenda</strong></span> <span class='ocrx_word' id='word_1_46' title='bbox 1168 2296 1319 2341; x_wconf 68' lang='lat' dir='ltr'><strong>serrone.</strong></span> 
     </span>
    </p>
   </div>
   <div class='ocr_carea' id='block_1_6' title="bbox 555 2419 1903 2614">
    <p class='ocr_par' dir='ltr' id='par_1_6' title="bbox 555 2419 1903 2614">
     <span class='ocr_line' id='line_1_7' title="bbox 555 2419 1903 2510; baseline -0.004 -22"><span class='ocrx_word' id='word_1_47' title='bbox 555 2425 619 2509; x_wconf 86' lang='lat' dir='ltr'><strong>p.3</strong></span> <span class='ocrx_word' id='word_1_48' title='bbox 644 2428 731 2488; x_wconf 73' lang='lat' dir='ltr'><strong>uli).</strong></span> <span class='ocrx_word' id='word_1_49' title='bbox 769 2423 920 2510; x_wconf 80' lang='grc' dir='ltr'>Καίσαρος</span> <span class='ocrx_word' id='word_1_50' title='bbox 943 2426 976 2489; x_wconf 90' lang='lat' dir='ltr'><strong>in</strong></span> <span class='ocrx_word' id='word_1_51' title='bbox 1000 2424 1105 2490; x_wconf 90' lang='lat' dir='ltr'><strong>indice</strong></span> <span class='ocrx_word' id='word_1_52' title='bbox 1122 2425 1239 2490; x_wconf 83' lang='lat' dir='ltr'><strong>Graeco</strong></span> <span class='ocrx_word' id='word_1_53' title='bbox 1260 2446 1322 2490; x_wconf 89' lang='lat' dir='ltr'><strong>non</strong></span> <span class='ocrx_word' id='word_1_54' title='bbox 1340 2425 1440 2507; x_wconf 80' lang='lat' dir='ltr'><strong>magis</strong></span> <span class='ocrx_word' id='word_1_55' title='bbox 1456 2425 1554 2488; x_wconf 85' lang='lat' dir='ltr'><strong>fuisse</strong></span> <span class='ocrx_word' id='word_1_56' title='bbox 1576 2443 1670 2505; x_wconf 88' lang='lat' dir='ltr'><strong>quam</strong></span> <span class='ocrx_word' id='word_1_57' title='bbox 1694 2423 1789 2487; x_wconf 86' lang='lat' dir='ltr'><strong>estin</strong></span> <span class='ocrx_word' id='word_1_58' title='bbox 1805 2419 1903 2484; x_wconf 81' lang='lat' dir='ltr'><strong>batim</strong></span> 
     </span>
     <span class='ocr_line' id='line_1_8' title="bbox 643 2529 1389 2614; baseline 0 -21"><span class='ocrx_word' id='word_1_59' title='bbox 643 2529 784 2594; x_wconf 81' lang='lat' dir='ltr'><strong>constitit</strong></span> <span class='ocrx_word' id='word_1_60' title='bbox 806 2529 886 2594; x_wconf 92' lang='lat' dir='ltr'><strong>mihi</strong></span> <span class='ocrx_word' id='word_1_61' title='bbox 909 2529 1010 2614; x_wconf 87' lang='lat' dir='ltr'><strong>spatio</strong></span> <span class='ocrx_word' id='word_1_62' title='bbox 1035 2530 1213 2596; x_wconf 79' lang='lat' dir='ltr'><strong>accuratius</strong></span> <span class='ocrx_word' id='word_1_63' title='bbox 1237 2529 1389 2595; x_wconf 90' lang='lat' dir='ltr'><strong>dimenso.</strong></span> 
     </span>
    </p>
   </div>
   <div class='ocr_carea' id='block_1_7' title="bbox 555 2669 1903 3068">
    <p class='ocr_par' dir='ltr' id='par_1_7' title="bbox 555 2669 1903 2966">
     <span class='ocr_line' id='line_1_9' title="bbox 555 2669 1903 2761; baseline -0.005 -24"><span class='ocrx_word' id='word_1_64' title='bbox 555 2695 584 2758; x_wconf 90' lang='lat' dir='ltr'><strong>p.</strong></span> <span class='ocrx_word' id='word_1_65' title='bbox 602 2675 641 2737; x_wconf 92' lang='grc'><strong>10</strong></span> <span class='ocrx_word' id='word_1_66' title='bbox 666 2696 694 2738; x_wconf 92' lang='lat' dir='ltr'><strong>v.</strong></span> <span class='ocrx_word' id='word_1_67' title='bbox 705 2675 757 2738; x_wconf 80' lang='lat'><strong>26.</strong></span> <span class='ocrx_word' id='word_1_68' title='bbox 792 2673 862 2738; x_wconf 92' lang='lat' dir='ltr'><strong>Non</strong></span> <span class='ocrx_word' id='word_1_69' title='bbox 886 2673 1096 2738; x_wconf 87' lang='lat' dir='ltr'><strong>omittendum</strong></span> <span class='ocrx_word' id='word_1_70' title='bbox 1117 2673 1179 2740; x_wconf 90' lang='lat' dir='ltr'><strong>fuit</strong></span> <span class='ocrx_word' id='word_1_71' title='bbox 1193 2674 1389 2761; x_wconf 89' lang='lat' dir='ltr'><strong>triumphum</strong></span> <span class='ocrx_word' id='word_1_72' title='bbox 1407 2675 1506 2740; x_wconf 70' lang='lat' dir='ltr'><strong>aruo</strong></span> <span class='ocrx_word' id='word_1_73' title='bbox 1524 2669 1576 2735; x_wconf 90' lang='lat' dir='ltr'><strong>vel</strong></span> <span class='ocrx_word' id='word_1_74' title='bbox 1596 2671 1735 2736; x_wconf 85' lang='lat' dir='ltr'><strong>maxime</strong></span> <span class='ocrx_word' id='word_1_75' title='bbox 1755 2669 1903 2732; x_wconf 88' lang='lat' dir='ltr'><strong>decretum</strong></span> 
     </span>
     <span class='ocr_line' id='line_1_10' title="bbox 611 2769 1902 2863; baseline -0.007 -23"><span class='ocrx_word' id='word_1_76' title='bbox 611 2841 614 2851; x_wconf 79' lang='lat'><strong>.</strong></span> <span class='ocrx_word' id='word_1_77' title='bbox 642 2799 711 2842; x_wconf 89' lang='lat' dir='ltr'><strong>esse</strong></span> <span class='ocrx_word' id='word_1_78' title='bbox 734 2785 861 2862; x_wconf 91' lang='lat' dir='ltr'><strong>propter</strong></span> <span class='ocrx_word' id='word_1_79' title='bbox 884 2777 1022 2842; x_wconf 87' lang='lat' dir='ltr'><strong>devictos</strong></span> <span class='ocrx_word' id='word_1_80' title='bbox 1048 2777 1233 2855; x_wconf 77' lang='lat' dir='ltr'><strong>Cantabros,</strong></span> <span class='ocrx_word' id='word_1_81' title='bbox 1259 2799 1338 2863; x_wconf 85' lang='lat' dir='ltr'><strong>quos</strong></span> <span class='ocrx_word' id='word_1_82' title='bbox 1361 2797 1424 2842; x_wconf 88' lang='lat' dir='ltr'><strong>non</strong></span> <span class='ocrx_word' id='word_1_83' title='bbox 1447 2775 1587 2841; x_wconf 82' lang='lat' dir='ltr'><strong>excludit</strong></span> <span class='ocrx_word' id='word_1_84' title='bbox 1610 2775 1669 2840; x_wconf 86' lang='lat' dir='ltr'><strong>Dio</strong></span> <span class='ocrx_word' id='word_1_85' title='bbox 1687 2776 1739 2850; x_wconf 80' lang='lat'><strong>53,</strong></span> <span class='ocrx_word' id='word_1_86' title='bbox 1757 2775 1807 2848; x_wconf 77' lang='lat'><strong>26,</strong></span> <span class='ocrx_word' id='word_1_87' title='bbox 1830 2769 1902 2834; x_wconf 90' lang='lat' dir='ltr'><strong>solos</strong></span> 
     </span>
     <span class='ocr_line' id='line_1_11' title="bbox 642 2879 1902 2966; baseline -0.009 -20"><span class='ocrx_word' id='word_1_88' title='bbox 642 2882 732 2966; x_wconf 88' lang='lat' dir='ltr'><strong>ponit</strong></span> <span class='ocrx_word' id='word_1_89' title='bbox 755 2879 866 2946; x_wconf 88' lang='lat' dir='ltr'><strong>Florus</strong></span> <span class='ocrx_word' id='word_1_90' title='bbox 891 2883 921 2957; x_wconf 83' lang='lat'><strong>2,</strong></span> <span class='ocrx_word' id='word_1_91' title='bbox 942 2881 1000 2945; x_wconf 88' lang='lat'><strong>33:</strong></span> <span class='ocrx_word' id='word_1_92' title='bbox 1027 2884 1127 2964; x_wconf 73' lang='lat' dir='ltr'><strong>dipsa</strong></span> <span class='ocrx_word' id='word_1_93' title='bbox 1149 2903 1202 2947; x_wconf 80' lang='lat' dir='ltr'><strong>res</strong></span> <span class='ocrx_word' id='word_1_94' title='bbox 1227 2885 1331 2958; x_wconf 81' lang='lat' dir='ltr'><strong>icaro,</strong></span> <span class='ocrx_word' id='word_1_95' title='bbox 1363 2884 1461 2962; x_wconf 76' lang='lat' dir='ltr'><strong>dipsa</strong></span> <span class='ocrx_word' id='word_1_96' title='bbox 1484 2902 1580 2944; x_wconf 78' lang='lat' dir='ltr'><strong>crrrru</strong></span> <span class='ocrx_word' id='word_1_97' title='bbox 1602 2884 1730 2944; x_wconf 78' lang='lat' dir='ltr'><strong>senatui</strong></span> <span class='ocrx_word' id='word_1_98' title='bbox 1752 2882 1822 2942; x_wconf 81' lang='lat' dir='ltr'><strong>oisc</strong></span> <span class='ocrx_word' id='word_1_99' title='bbox 1842 2883 1902 2944; x_wconf 62' lang='lat' dir='ltr'><strong>esu</strong></span> 
     </span>
    </p>

    <p class='ocr_par' dir='ltr' id='par_1_8' title="bbox 641 2983 1785 3068">
     <span class='ocr_line' id='line_1_12' title="bbox 641 2983 1785 3068; baseline -0.007 -18"><span class='ocrx_word' id='word_1_100' title='bbox 641 2989 701 3050; x_wconf 84' lang='lat' dir='ltr'><strong>sed</strong></span> <span class='ocrx_word' id='word_1_101' title='bbox 723 2989 787 3050; x_wconf 80' lang='lat' dir='ltr'><strong>iam</strong></span> <span class='ocrx_word' id='word_1_102' title='bbox 810 2996 917 3050; x_wconf 82' lang='lat' dir='ltr'><strong>tantus</strong></span> <span class='ocrx_word' id='word_1_103' title='bbox 941 2983 1011 3052; x_wconf 71' lang='lat' dir='ltr'><strong>&#39;erat</strong></span> <span class='ocrx_word' id='word_1_104' title='bbox 1037 2988 1170 3064; x_wconf 80' lang='lat' dir='ltr'><strong>Caesar,</strong></span> <span class='ocrx_word' id='word_1_105' title='bbox 1194 2996 1229 3049; x_wconf 86' lang='lat' dir='ltr'><strong>ut</strong></span> <span class='ocrx_word' id='word_1_106' title='bbox 1254 2989 1409 3067; x_wconf 76' lang='lat' dir='ltr'><strong>triumpho</strong></span> <span class='ocrx_word' id='word_1_107' title='bbox 1433 2990 1545 3068; x_wconf 75' lang='lat' dir='ltr'><strong>asperi</strong></span> <span class='ocrx_word' id='word_1_108' title='bbox 1570 2992 1785 3050; x_wconf 79' lang='lat' dir='ltr'><strong>contemneret.</strong></span> 
     </span>
    </p>
   </div>
   <div class='ocr_carea' id='block_1_8' title="bbox 554 3136 1165 3223">
    <p class='ocr_par' dir='ltr' id='par_1_9' title="bbox 554 3136 1165 3223">
     <span class='ocr_line' id='line_1_13' title="bbox 554 3136 1165 3223; baseline 0.005 -22"><span class='ocrx_word' id='word_1_109' title='bbox 554 3160 584 3223; x_wconf 87' lang='lat' dir='ltr'><strong>p.</strong></span> <span class='ocrx_word' id='word_1_110' title='bbox 601 3140 641 3201; x_wconf 83' lang='lat'><strong>14</strong></span> <span class='ocrx_word' id='word_1_111' title='bbox 666 3138 721 3201; x_wconf 68' lang='lat' dir='ltr'><strong>ui</strong></span> <span class='ocrx_word' id='word_1_112' title='bbox 745 3154 801 3221; x_wconf 88' lang='lat' dir='ltr'><strong>pro</strong></span> <span class='ocrx_word' id='word_1_113' title='bbox 827 3139 859 3200; x_wconf 89' lang='lat' dir='ltr'><strong>P.</strong></span> <span class='ocrx_word' id='word_1_114' title='bbox 883 3136 930 3221; x_wconf 85' lang='lat' dir='ltr'><strong>et]</strong></span> <span class='ocrx_word' id='word_1_115' title='bbox 953 3138 1035 3219; x_wconf 86' lang='lat' dir='ltr'><strong>lege:</strong></span> <span class='ocrx_word' id='word_1_116' title='bbox 1063 3137 1110 3222; x_wconf 87' lang='lat' dir='ltr'><strong>P.]</strong></span> <span class='ocrx_word' id='word_1_117' title='bbox 1132 3148 1165 3204; x_wconf 89' lang='lat' dir='ltr'><strong>et</strong></span> 
     </span>
    </p>
   </div>
   <div class='ocr_carea' id='block_1_9' title="bbox 555 3280 1901 3479">
    <p class='ocr_par' dir='ltr' id='par_1_10' title="bbox 555 3280 1901 3479">
     <span class='ocr_line' id='line_1_14' title="bbox 555 3280 1900 3372; baseline -0.005 -22"><span class='ocrx_word' id='word_1_118' title='bbox 555 3309 585 3372; x_wconf 90' lang='lat' dir='ltr'><strong>p.</strong></span> <span class='ocrx_word' id='word_1_119' title='bbox 599 3288 649 3350; x_wconf 88' lang='lat'><strong>30.</strong></span> <span class='ocrx_word' id='word_1_120' title='bbox 684 3286 812 3351; x_wconf 79' lang='lat' dir='ltr'><strong>Praeter</strong></span> <span class='ocrx_word' id='word_1_121' title='bbox 835 3296 971 3351; x_wconf 88' lang='lat' dir='ltr'><strong>tesseras</strong></span> <span class='ocrx_word' id='word_1_122' title='bbox 993 3288 1089 3352; x_wconf 89' lang='lat' dir='ltr'><strong>huius</strong></span> <span class='ocrx_word' id='word_1_123' title='bbox 1115 3290 1188 3353; x_wconf 89' lang='lat' dir='ltr'><strong>anni</strong></span> <span class='ocrx_word' id='word_1_124' title='bbox 1213 3309 1285 3353; x_wconf 90' lang='lat' dir='ltr'><strong>cum</strong></span> <span class='ocrx_word' id='word_1_125' title='bbox 1309 3289 1434 3354; x_wconf 87' lang='lat' dir='ltr'><strong>nomine</strong></span> <span class='ocrx_word' id='word_1_126' title='bbox 1457 3287 1552 3353; x_wconf 89' lang='lat' dir='ltr'><strong>unius</strong></span> <span class='ocrx_word' id='word_1_127' title='bbox 1576 3288 1716 3353; x_wconf 89' lang='lat' dir='ltr'><strong>consulis</strong></span> <span class='ocrx_word' id='word_1_128' title='bbox 1740 3280 1900 3355; x_wconf 84' lang='lat' dir='ltr'><strong>Saturnini,</strong></span> 
     </span>
     <span class='ocr_line' id='line_1_15' title="bbox 642 3390 1901 3479; baseline -0.006 -25"><span class='ocrx_word' id='word_1_129' title='bbox 642 3391 775 3475; x_wconf 87' lang='lat' dir='ltr'><strong>scriptas</strong></span> <span class='ocrx_word' id='word_1_130' title='bbox 798 3390 829 3458; x_wconf 81' lang='lat' dir='ltr'><strong>k.</strong></span> <span class='ocrx_word' id='word_1_131' title='bbox 845 3392 989 3479; x_wconf 77' lang='lat' dir='ltr'><strong>Apr.(C.</strong></span> <span class='ocrx_word' id='word_1_132' title='bbox 1004 3392 1028 3455; x_wconf 94' lang='grc' dir='ltr'><strong>Ι.</strong></span> <span class='ocrx_word' id='word_1_133' title='bbox 1042 3392 1075 3459; x_wconf 87' lang='lat' dir='ltr'><strong>L.</strong></span> <span class='ocrx_word' id='word_1_134' title='bbox 1099 3392 1114 3455; x_wconf 92' lang='lat' dir='ltr'>I</span> <span class='ocrx_word' id='word_1_135' title='bbox 1136 3392 1257 3476; x_wconf 67' lang='lat' dir='ltr'><strong>nm)</strong></span> <span class='ocrx_word' id='word_1_136' title='bbox 1281 3402 1313 3458; x_wconf 89' lang='lat' dir='ltr'><strong>et</strong></span> <span class='ocrx_word' id='word_1_137' title='bbox 1335 3414 1443 3457; x_wconf 91' lang='lat' dir='ltr'><strong>mense</strong></span> <span class='ocrx_word' id='word_1_138' title='bbox 1466 3393 1556 3458; x_wconf 90' lang='lat' dir='ltr'><strong>Iunio</strong></span> <span class='ocrx_word' id='word_1_139' title='bbox 1580 3392 1618 3476; x_wconf 91' lang='lat' dir='ltr'><strong>(l.</strong></span> <span class='ocrx_word' id='word_1_140' title='bbox 1635 3414 1661 3455; x_wconf 92' lang='lat' dir='ltr'><strong>c.</strong></span> <span class='ocrx_word' id='word_1_141' title='bbox 1679 3391 1803 3471; x_wconf 79' lang='lat' dir='ltr'><strong>n.743),</strong></span> <span class='ocrx_word' id='word_1_142' title='bbox 1826 3393 1901 3450; x_wconf 71' lang='lat' dir='ltr'><strong>erut</strong></span> 
     </span>
    </p>
   </div>
   <div class='ocr_carea' id='block_1_10' title="bbox 641 3490 2000 3685">
    <p class='ocr_par' dir='ltr' id='par_1_11' title="bbox 641 3490 2000 3685">
     <span class='ocr_line' id='line_1_16' title="bbox 641 3490 2000 3582; baseline 0 -25"><span class='ocrx_word' id='word_1_143' title='bbox 641 3494 754 3559; x_wconf 91' lang='lat' dir='ltr'><strong>titulus</strong></span> <span class='ocrx_word' id='word_1_144' title='bbox 769 3494 982 3561; x_wconf 84' lang='lat' dir='ltr'><strong>Cordubensis</strong></span> <span class='ocrx_word' id='word_1_145' title='bbox 1006 3496 1290 3580; x_wconf 82' lang='lat' dir='ltr'><strong>(Monctsberiebtc</strong></span> <span class='ocrx_word' id='word_1_146' title='bbox 1306 3500 1362 3563; x_wconf 85' lang='lat' dir='ltr'><strong>der</strong></span> <span class='ocrx_word' id='word_1_147' title='bbox 1376 3499 1522 3562; x_wconf 79' lang='lat' dir='ltr'><strong>Bertiaer</strong></span> <span class='ocrx_word' id='word_1_148' title='bbox 1536 3498 1707 3562; x_wconf 70' lang='lat' dir='ltr'><strong>Academia</strong></span> <span class='ocrx_word' id='word_1_149' title='bbox 1725 3496 1805 3561; x_wconf 87' lang='grc'>1861</span> <span class='ocrx_word' id='word_1_150' title='bbox 1829 3512 1857 3575; x_wconf 90' lang='lat' dir='ltr'><strong>p.</strong></span> <span class='ocrx_word' id='word_1_151' title='bbox 1865 3490 1900 3552; x_wconf 89' lang='grc'><strong>60</strong></span> <span class='ocrx_word' id='word_1_152' title='bbox 1999 3579 2000 3582; x_wconf 8' lang='grc' dir='ltr'><strong>Ἴ</strong></span> 
     </span>
     <span class='ocr_line' id='line_1_17' title="bbox 641 3595 2000 3685; baseline 0.001 -22"><span class='ocrx_word' id='word_1_153' title='bbox 641 3598 1039 3684; x_wconf 76' lang='lat' dir='ltr'><strong>=o.1.L.11n.2255)</strong></span> <span class='ocrx_word' id='word_1_154' title='bbox 1064 3622 1137 3665; x_wconf 89' lang='lat' dir='ltr'><strong>oum</strong></span> <span class='ocrx_word' id='word_1_155' title='bbox 1160 3600 1225 3668; x_wconf 87' lang='lat' dir='ltr'><strong>diei</strong></span> <span class='ocrx_word' id='word_1_156' title='bbox 1253 3601 1446 3666; x_wconf 83' lang='lat' dir='ltr'><strong>indicatione</strong></span> <span class='ocrx_word' id='word_1_157' title='bbox 1477 3602 1521 3667; x_wconf 88' lang='lat' dir='ltr'><strong>sio</strong></span> <span class='ocrx_word' id='word_1_158' title='bbox 1545 3608 1711 3685; x_wconf 87' lang='lat' dir='ltr'><strong>concepta:</strong></span> <span class='ocrx_word' id='word_1_159' title='bbox 1745 3597 1900 3663; x_wconf 71' lang='lat' dir='ltr'><strong>usensis</strong></span> <span class='ocrx_word' id='word_1_160' title='bbox 1999 3595 2000 3664; x_wconf 70' lang='lat' dir='ltr'><strong>i</strong></span> 
     </span>
    </p>
   </div>
   <div class='ocr_carea' id='block_1_11' title="bbox 639 3698 1899 3895">
    <p class='ocr_par' dir='ltr' id='par_1_12' title="bbox 639 3698 1899 3895">
     <span class='ocr_line' id='line_1_18' title="bbox 640 3698 1899 3789; baseline -0.008 -19"><span class='ocrx_word' id='word_1_161' title='bbox 640 3708 709 3770; x_wconf 80' lang='lat' dir='ltr'><strong>Sar.</strong></span> <span class='ocrx_word' id='word_1_162' title='bbox 734 3726 798 3769; x_wconf 85' lang='lat' dir='ltr'><strong>eos.</strong></span> <span class='ocrx_word' id='word_1_163' title='bbox 823 3706 851 3768; x_wconf 82' lang='lat' dir='ltr'><strong>ir.</strong></span> <span class='ocrx_word' id='word_1_164' title='bbox 870 3706 1015 3769; x_wconf 65' lang='lat' dir='ltr'><strong>secretio.</strong></span> <span class='ocrx_word' id='word_1_165' title='bbox 1059 3705 1197 3771; x_wconf 88' lang='lat' dir='ltr'><strong>Nuntius</strong></span> <span class='ocrx_word' id='word_1_166' title='bbox 1220 3706 1316 3789; x_wconf 82' lang='lat' dir='ltr'><strong>igitur</strong></span> <span class='ocrx_word' id='word_1_167' title='bbox 1339 3706 1378 3770; x_wconf 87' lang='lat' dir='ltr'><strong>de</strong></span> <span class='ocrx_word' id='word_1_168' title='bbox 1402 3714 1504 3771; x_wconf 87' lang='lat' dir='ltr'><strong>creato</strong></span> <span class='ocrx_word' id='word_1_169' title='bbox 1528 3707 1626 3770; x_wconf 82' lang='lat' dir='ltr'><strong>altero</strong></span> <span class='ocrx_word' id='word_1_170' title='bbox 1650 3705 1777 3769; x_wconf 86' lang='lat' dir='ltr'><strong>consule</strong></span> <span class='ocrx_word' id='word_1_171' title='bbox 1802 3703 1835 3777; x_wconf 84' lang='lat' dir='ltr'><strong>Q.</strong></span> <span class='ocrx_word' id='word_1_172' title='bbox 1847 3698 1899 3761; x_wconf 89' lang='lat' dir='ltr'><strong>Lu-</strong></span> 
     </span>
     <span class='ocr_line' id='line_1_19' title="bbox 639 3808 1596 3895; baseline -0.001 -22"><span class='ocrx_word' id='word_1_173' title='bbox 639 3808 735 3873; x_wconf 90' lang='lat' dir='ltr'><strong>cretio</strong></span> <span class='ocrx_word' id='word_1_174' title='bbox 758 3808 937 3874; x_wconf 87' lang='lat' dir='ltr'><strong>Cordubam</strong></span> <span class='ocrx_word' id='word_1_175' title='bbox 961 3809 1105 3894; x_wconf 83' lang='lat' dir='ltr'><strong>pervenit</strong></span> <span class='ocrx_word' id='word_1_176' title='bbox 1127 3809 1257 3874; x_wconf 89' lang='lat' dir='ltr'><strong>demum</strong></span> <span class='ocrx_word' id='word_1_177' title='bbox 1277 3818 1350 3895; x_wconf 88' lang='lat' dir='ltr'><strong>post</strong></span> <span class='ocrx_word' id='word_1_178' title='bbox 1373 3810 1401 3875; x_wconf 85' lang='lat' dir='ltr'><strong>ir.</strong></span> <span class='ocrx_word' id='word_1_179' title='bbox 1427 3812 1596 3893; x_wconf 82' lang='lat' dir='ltr'><strong>Augustas.</strong></span> 
     </span>
    </p>
   </div>
   <div class='ocr_carea' id='block_1_12' title="bbox 552 3938 1899 4148">
    <p class='ocr_par' dir='ltr' id='par_1_13' title="bbox 552 3938 1899 4148">
     <span class='ocr_line' id='line_1_20' title="bbox 552 3938 1897 4044; baseline -0.006 -20"><span class='ocrx_word' id='word_1_180' title='bbox 552 3960 648 4044; x_wconf 82' lang='lat' dir='ltr'><strong>p.35.</strong></span> <span class='ocrx_word' id='word_1_181' title='bbox 695 3962 781 4036; x_wconf 87' lang='lat' dir='ltr'><strong>Quae</strong></span> <span class='ocrx_word' id='word_1_182' title='bbox 806 3959 873 4023; x_wconf 81' lang='lat' dir='ltr'><strong>dixi</strong></span> <span class='ocrx_word' id='word_1_183' title='bbox 896 3960 935 4022; x_wconf 86' lang='lat' dir='ltr'><strong>de</strong></span> <span class='ocrx_word' id='word_1_184' title='bbox 959 3960 1072 4024; x_wconf 90' lang='lat' dir='ltr'><strong>seviris</strong></span> <span class='ocrx_word' id='word_1_185' title='bbox 1097 3982 1168 4025; x_wconf 91' lang='lat' dir='ltr'><strong>oum</strong></span> <span class='ocrx_word' id='word_1_186' title='bbox 1193 3938 1229 4025; x_wconf 85' lang='lat' dir='ltr'><strong>eo</strong></span> <span class='ocrx_word' id='word_1_187' title='bbox 1253 3961 1390 4024; x_wconf 86' lang='lat' dir='ltr'><strong>maxime</strong></span> <span class='ocrx_word' id='word_1_188' title='bbox 1414 3961 1570 4035; x_wconf 87' lang='lat' dir='ltr'><strong>nitantur,</strong></span> <span class='ocrx_word' id='word_1_189' title='bbox 1599 3961 1684 4043; x_wconf 88' lang='lat' dir='ltr'><strong>quod</strong></span> <span class='ocrx_word' id='word_1_190' title='bbox 1708 3959 1820 4026; x_wconf 90' lang='lat' dir='ltr'><strong>turmis</strong></span> <span class='ocrx_word' id='word_1_191' title='bbox 1841 3954 1897 4018; x_wconf 92' lang='lat' dir='ltr'><strong>sin-</strong></span> 
     </span>
     <span class='ocr_line' id='line_1_21' title="bbox 639 4059 1899 4148; baseline -0.006 -21"><span class='ocrx_word' id='word_1_192' title='bbox 639 4063 722 4146; x_wconf 81' lang='lat' dir='ltr'><strong>guiis</strong></span> <span class='ocrx_word' id='word_1_193' title='bbox 745 4070 809 4127; x_wconf 87' lang='lat' dir='ltr'><strong>tam</strong></span> <span class='ocrx_word' id='word_1_194' title='bbox 834 4063 1027 4129; x_wconf 78' lang='lat' dir='ltr'><strong>militaribus</strong></span> <span class='ocrx_word' id='word_1_195' title='bbox 1055 4085 1153 4147; x_wconf 87' lang='lat' dir='ltr'><strong>quam</strong></span> <span class='ocrx_word' id='word_1_196' title='bbox 1176 4063 1326 4128; x_wconf 86' lang='lat' dir='ltr'><strong>civilibus</strong></span> <span class='ocrx_word' id='word_1_197' title='bbox 1350 4064 1390 4129; x_wconf 91' lang='lat' dir='ltr'><strong>ad</strong></span> <span class='ocrx_word' id='word_1_198' title='bbox 1414 4064 1602 4129; x_wconf 90' lang='lat' dir='ltr'><strong>militarium</strong></span> <span class='ocrx_word' id='word_1_199' title='bbox 1624 4063 1806 4148; x_wconf 84' lang='lat' dir='ltr'><strong>exemplum</strong></span> <span class='ocrx_word' id='word_1_200' title='bbox 1826 4059 1899 4126; x_wconf 90' lang='lat' dir='ltr'><strong>ordi-</strong></span> 
     </span>
    </p>
   </div>
   <div class='ocr_carea' id='block_1_13' title="bbox 637 4166 2000 4356">
    <p class='ocr_par' dir='ltr' id='par_1_14' title="bbox 637 4166 2000 4356">
     <span class='ocr_line' id='line_1_22' title="bbox 639 4166 2000 4254; baseline -0.004 -25"><span class='ocrx_word' id='word_1_201' title='bbox 639 4166 734 4243; x_wconf 86' lang='lat' dir='ltr'><strong>natis,</strong></span> <span class='ocrx_word' id='word_1_202' title='bbox 757 4166 808 4230; x_wconf 87' lang='lat' dir='ltr'><strong>vel</strong></span> <span class='ocrx_word' id='word_1_203' title='bbox 831 4166 936 4251; x_wconf 86' lang='lat' dir='ltr'><strong>potius</strong></span> <span class='ocrx_word' id='word_1_204' title='bbox 960 4166 1109 4231; x_wconf 84' lang='lat' dir='ltr'><strong>civilibus</strong></span> <span class='ocrx_word' id='word_1_205' title='bbox 1132 4168 1226 4233; x_wconf 82' lang='lat' dir='ltr'><strong>factis</strong></span> <span class='ocrx_word' id='word_1_206' title='bbox 1248 4188 1287 4231; x_wconf 85' lang='lat' dir='ltr'><strong>ex</strong></span> <span class='ocrx_word' id='word_1_207' title='bbox 1309 4167 1512 4243; x_wconf 86' lang='lat' dir='ltr'><strong>militaribus,</strong></span> <span class='ocrx_word' id='word_1_208' title='bbox 1537 4167 1679 4233; x_wconf 91' lang='lat' dir='ltr'><strong>homines</strong></span> <span class='ocrx_word' id='word_1_209' title='bbox 1707 4168 1901 4254; x_wconf 84' lang='lat' dir='ltr'><strong>praefuerunt</strong></span> <span class='ocrx_word' id='word_1_210' title='bbox 1999 4199 2000 4208; x_wconf 74' lang='lat'><strong>.</strong></span> 
     </span>
     <span class='ocr_line' id='line_1_23' title="bbox 637 4271 2000 4356; baseline -0.001 -21"><span class='ocrx_word' id='word_1_211' title='bbox 637 4272 722 4347; x_wconf 90' lang='lat' dir='ltr'><strong>seni,</strong></span> <span class='ocrx_word' id='word_1_212' title='bbox 759 4292 822 4335; x_wconf 89' lang='lat' dir='ltr'><strong>non</strong></span> <span class='ocrx_word' id='word_1_213' title='bbox 849 4272 1095 4355; x_wconf 89' lang='lat' dir='ltr'><strong>praetereundae</strong></span> <span class='ocrx_word' id='word_1_214' title='bbox 1130 4272 1259 4337; x_wconf 87' lang='lat' dir='ltr'><strong>fuerunt</strong></span> <span class='ocrx_word' id='word_1_215' title='bbox 1290 4272 1420 4355; x_wconf 79' lang='lat' dir='ltr'><strong>Vergilii</strong></span> <span class='ocrx_word' id='word_1_216' title='bbox 1451 4281 1561 4356; x_wconf 87' lang='lat' dir='ltr'><strong>poetae</strong></span> <span class='ocrx_word' id='word_1_217' title='bbox 1589 4274 1689 4355; x_wconf 80' lang='lat' dir='ltr'><strong>(Aen.</strong></span> <span class='ocrx_word' id='word_1_218' title='bbox 1703 4275 1740 4347; x_wconf 79' lang='grc'><strong>5,</strong></span> <span class='ocrx_word' id='word_1_219' title='bbox 1759 4271 1898 4349; x_wconf 76' lang='lat' dir='ltr'><strong>545qu</strong></span> <span class='ocrx_word' id='word_1_220' title='bbox 1999 4325 2000 4328; x_wconf 67' lang='grc'>,</span> 
     </span>
    </p>
   </div>
   <div class='ocr_carea' id='block_1_14' title="bbox 634 4374 1899 4670">
    <p class='ocr_par' dir='ltr' id='par_1_15' title="bbox 634 4374 1899 4670">
     <span class='ocr_line' id='line_1_24' title="bbox 637 4374 1898 4461; baseline -0.006 -21"><span class='ocrx_word' id='word_1_221' title='bbox 637 4383 760 4440; x_wconf 83' lang='lat' dir='ltr'><strong>turmae</strong></span> <span class='ocrx_word' id='word_1_222' title='bbox 782 4384 846 4439; x_wconf 88' lang='lat' dir='ltr'><strong>tres</strong></span> <span class='ocrx_word' id='word_1_223' title='bbox 863 4374 990 4440; x_wconf 88' lang='lat' dir='ltr'><strong>Troiam</strong></span> <span class='ocrx_word' id='word_1_224' title='bbox 1013 4375 1159 4439; x_wconf 90' lang='lat' dir='ltr'><strong>ludentes</strong></span> <span class='ocrx_word' id='word_1_225' title='bbox 1183 4396 1350 4461; x_wconf 89' lang='lat' dir='ltr'><strong>puerorum</strong></span> <span class='ocrx_word' id='word_1_226' title='bbox 1375 4376 1592 4442; x_wconf 87' lang='lat' dir='ltr'><strong>duodenorum</strong></span> <span class='ocrx_word' id='word_1_227' title='bbox 1615 4376 1676 4441; x_wconf 88' lang='lat' dir='ltr'><strong>sub</strong></span> <span class='ocrx_word' id='word_1_228' title='bbox 1691 4374 1898 4459; x_wconf 80' lang='lat' dir='ltr'><strong>singulisne·</strong></span> 
     </span>
     <span class='ocr_line' id='line_1_25' title="bbox 634 4475 1899 4561; baseline -0.001 -19"><span class='ocrx_word' id='word_1_229' title='bbox 634 4478 763 4561; x_wconf 73' lang='lat' dir='ltr'><strong>gistris..</strong></span> <span class='ocrx_word' id='word_1_230' title='bbox 804 4477 867 4543; x_wconf 89' lang='lat' dir='ltr'><strong>Sed</strong></span> <span class='ocrx_word' id='word_1_231' title='bbox 897 4480 1034 4544; x_wconf 89' lang='lat' dir='ltr'><strong>lusoriae</strong></span> <span class='ocrx_word' id='word_1_232' title='bbox 1064 4480 1222 4545; x_wconf 88' lang='lat' dir='ltr'><strong>eiusmodi</strong></span> <span class='ocrx_word' id='word_1_233' title='bbox 1253 4492 1376 4547; x_wconf 86' lang='lat' dir='ltr'><strong>turmae</strong></span> <span class='ocrx_word' id='word_1_234' title='bbox 1399 4490 1485 4546; x_wconf 85' lang='lat' dir='ltr'><strong>recte</strong></span> <span class='ocrx_word' id='word_1_235' title='bbox 1515 4481 1659 4546; x_wconf 89' lang='lat' dir='ltr'><strong>dicentur</strong></span> <span class='ocrx_word' id='word_1_236' title='bbox 1688 4480 1755 4545; x_wconf 91' lang='lat' dir='ltr'><strong>solo</strong></span> <span class='ocrx_word' id='word_1_237' title='bbox 1782 4475 1899 4543; x_wconf 82' lang='lat' dir='ltr'><strong>nomine</strong></span> 
     </span>
     <span class='ocr_line' id='line_1_26' title="bbox 638 4583 1899 4670; baseline -0.002 -24"><span class='ocrx_word' id='word_1_238' title='bbox 638 4603 728 4647; x_wconf 86' lang='lat' dir='ltr'><strong>veras</strong></span> <span class='ocrx_word' id='word_1_239' title='bbox 756 4584 931 4661; x_wconf 85' lang='lat' dir='ltr'><strong>rettulisse,</strong></span> <span class='ocrx_word' id='word_1_240' title='bbox 962 4605 1034 4648; x_wconf 91' lang='lat' dir='ltr'><strong>eum</strong></span> <span class='ocrx_word' id='word_1_241' title='bbox 1056 4585 1244 4669; x_wconf 87' lang='lat' dir='ltr'><strong>praesertim</strong></span> <span class='ocrx_word' id='word_1_242' title='bbox 1273 4584 1342 4650; x_wconf 90' lang='lat' dir='ltr'><strong>ludi</strong></span> <span class='ocrx_word' id='word_1_243' title='bbox 1365 4585 1414 4649; x_wconf 89' lang='lat' dir='ltr'><strong>illi</strong></span> <span class='ocrx_word' id='word_1_244' title='bbox 1437 4607 1476 4649; x_wconf 89' lang='lat' dir='ltr'><strong>ne</strong></span> <span class='ocrx_word' id='word_1_245' title='bbox 1509 4586 1619 4651; x_wconf 90' lang='lat' dir='ltr'><strong>eadem</strong></span> <span class='ocrx_word' id='word_1_246' title='bbox 1650 4585 1782 4670; x_wconf 86' lang='lat' dir='ltr'><strong>quidem</strong></span> <span class='ocrx_word' id='word_1_247' title='bbox 1807 4583 1899 4645; x_wconf 79' lang='lat' dir='ltr'><strong>forma</strong></span> 
     </span>
    </p>
   </div>
   <div class='ocr_carea' id='block_1_15' title="bbox 638 4686 2000 4772">
    <p class='ocr_par' dir='ltr' id='par_1_16' title="bbox 638 4686 2000 4772">
     <span class='ocr_line' id='line_1_27' title="bbox 638 4686 2000 4772; baseline -0.003 -22"><span class='ocrx_word' id='word_1_248' title='bbox 638 4708 762 4772; x_wconf 89' lang='lat' dir='ltr'><strong>semper</strong></span> <span class='ocrx_word' id='word_1_249' title='bbox 786 4686 953 4752; x_wconf 88' lang='lat' dir='ltr'><strong>ederentur</strong></span> <span class='ocrx_word' id='word_1_250' title='bbox 974 4695 1162 4771; x_wconf 83' lang='lat' dir='ltr'><strong>turmaeque</strong></span> <span class='ocrx_word' id='word_1_251' title='bbox 1184 4689 1217 4751; x_wconf 94' lang='lat' dir='ltr'><strong>in</strong></span> <span class='ocrx_word' id='word_1_252' title='bbox 1242 4688 1308 4753; x_wconf 89' lang='lat' dir='ltr'><strong>iilis</strong></span> <span class='ocrx_word' id='word_1_253' title='bbox 1331 4688 1534 4754; x_wconf 85' lang='lat' dir='ltr'><strong>decurrerent</strong></span> <span class='ocrx_word' id='word_1_254' title='bbox 1556 4690 1648 4755; x_wconf 88' lang='lat' dir='ltr'><strong>modo</strong></span> <span class='ocrx_word' id='word_1_255' title='bbox 1671 4695 1735 4754; x_wconf 90' lang='lat' dir='ltr'><strong>tres</strong></span> <span class='ocrx_word' id='word_1_256' title='bbox 1759 4686 1818 4752; x_wconf 91' lang='lat' dir='ltr'><strong>sub</strong></span> <span class='ocrx_word' id='word_1_257' title='bbox 1838 4702 1899 4749; x_wconf 57' lang='lat' dir='ltr'><strong>nra*</strong></span> <span class='ocrx_word' id='word_1_258' title='bbox 1999 4714 2000 4718; x_wconf 38' lang='lat'>¹</span> 
     </span>
    </p>
   </div>
   <div class='ocr_carea' id='block_1_16' title="bbox 635 4790 1896 5191">
    <p class='ocr_par' dir='ltr' id='par_1_17' title="bbox 635 4790 1896 5191">
     <span class='ocr_line' id='line_1_28' title="bbox 635 4790 1894 4876; baseline -0.006 -21"><span class='ocrx_word' id='word_1_259' title='bbox 635 4791 742 4874; x_wconf 77' lang='lat' dir='ltr'><strong>gistris</strong></span> <span class='ocrx_word' id='word_1_260' title='bbox 758 4790 871 4868; x_wconf 89' lang='lat' dir='ltr'><strong>tribus,</strong></span> <span class='ocrx_word' id='word_1_261' title='bbox 894 4797 975 4855; x_wconf 84' lang='lat' dir='ltr'><strong>teste</strong></span> <span class='ocrx_word' id='word_1_262' title='bbox 986 4792 1135 4873; x_wconf 87' lang='lat' dir='ltr'><strong>Vergilio,</strong></span> <span class='ocrx_word' id='word_1_263' title='bbox 1159 4791 1253 4857; x_wconf 89' lang='lat' dir='ltr'><strong>modo</strong></span> <span class='ocrx_word' id='word_1_264' title='bbox 1269 4792 1351 4856; x_wconf 86' lang='lat' dir='ltr'><strong>duae</strong></span> <span class='ocrx_word' id='word_1_265' title='bbox 1366 4793 1426 4857; x_wconf 91' lang='lat' dir='ltr'><strong>sub</strong></span> <span class='ocrx_word' id='word_1_266' title='bbox 1442 4794 1603 4876; x_wconf 84' lang='lat' dir='ltr'><strong>magistris</strong></span> <span class='ocrx_word' id='word_1_267' title='bbox 1619 4793 1744 4859; x_wconf 89' lang='lat' dir='ltr'><strong>duobus</strong></span> <span class='ocrx_word' id='word_1_268' title='bbox 1760 4790 1894 4872; x_wconf 85' lang='lat' dir='ltr'><strong>(Sueten.</strong></span> 
     </span>
     <span class='ocr_line' id='line_1_29' title="bbox 636 4895 1894 4981; baseline -0.003 -22"><span class='ocrx_word' id='word_1_269' title='bbox 636 4897 724 4959; x_wconf 86' lang='lat' dir='ltr'><strong>Caes.</strong></span> <span class='ocrx_word' id='word_1_270' title='bbox 739 4895 797 4959; x_wconf 84' lang='lat'><strong>39:</strong></span> <span class='ocrx_word' id='word_1_271' title='bbox 826 4896 952 4959; x_wconf 78' lang='lat' dir='ltr'><strong>Troiam</strong></span> <span class='ocrx_word' id='word_1_272' title='bbox 969 4898 1044 4959; x_wconf 79' lang='lat' dir='ltr'><strong>lusit</strong></span> <span class='ocrx_word' id='word_1_273' title='bbox 1069 4905 1170 4959; x_wconf 82' lang='lat' dir='ltr'><strong>turmo</strong></span> <span class='ocrx_word' id='word_1_274' title='bbox 1194 4898 1311 4979; x_wconf 75' lang='lat' dir='ltr'><strong>duplae</strong></span> <span class='ocrx_word' id='word_1_275' title='bbox 1332 4898 1486 4961; x_wconf 76' lang='lat' dir='ltr'><strong>maiorem</strong></span> <span class='ocrx_word' id='word_1_276' title='bbox 1500 4901 1713 4981; x_wconf 79' lang='lat' dir='ltr'><strong>minorumque</strong></span> <span class='ocrx_word' id='word_1_277' title='bbox 1726 4910 1894 4980; x_wconf 73' lang='lat' dir='ltr'><strong>pueram.</strong></span> 
     </span>
     <span class='ocr_line' id='line_1_30' title="bbox 636 4998 1895 5084; baseline 0.002 -21"><span class='ocrx_word' id='word_1_278' title='bbox 636 4998 724 5065; x_wconf 85' lang='lat' dir='ltr'><strong>idem</strong></span> <span class='ocrx_word' id='word_1_279' title='bbox 752 5000 833 5081; x_wconf 82' lang='lat' dir='ltr'><strong>Aug.</strong></span> <span class='ocrx_word' id='word_1_280' title='bbox 848 4998 905 5079; x_wconf 82' lang='lat'><strong>433</strong></span> <span class='ocrx_word' id='word_1_281' title='bbox 941 4998 1012 5065; x_wconf 81' lang='lat' dir='ltr'><strong>Tib.</strong></span> <span class='ocrx_word' id='word_1_282' title='bbox 1034 5002 1071 5077; x_wconf 82' lang='lat'><strong>63</strong></span> <span class='ocrx_word' id='word_1_283' title='bbox 1106 4999 1191 5065; x_wconf 91' lang='lat' dir='ltr'><strong>Plut.</strong></span> <span class='ocrx_word' id='word_1_284' title='bbox 1208 4998 1274 5067; x_wconf 85' lang='lat' dir='ltr'><strong>Cat.</strong></span> <span class='ocrx_word' id='word_1_285' title='bbox 1291 5000 1368 5065; x_wconf 89' lang='lat' dir='ltr'><strong>min.</strong></span> <span class='ocrx_word' id='word_1_286' title='bbox 1386 4999 1432 5084; x_wconf 83' lang='lat'><strong>3).</strong></span> <span class='ocrx_word' id='word_1_287' title='bbox 1472 5002 1617 5069; x_wconf 84' lang='lat' dir='ltr'><strong>Ceterum</strong></span> <span class='ocrx_word' id='word_1_288' title='bbox 1643 5023 1683 5067; x_wconf 88' lang='lat' dir='ltr'><strong>ns</strong></span> <span class='ocrx_word' id='word_1_289' title='bbox 1712 4999 1783 5084; x_wconf 88' lang='lat' dir='ltr'><strong>quis</strong></span> <span class='ocrx_word' id='word_1_290' title='bbox 1812 4999 1895 5065; x_wconf 69' lang='lat' dir='ltr'><strong>arrei,</strong></span> 
     </span>
     <span class='ocr_line' id='line_1_31' title="bbox 635 5102 1896 5191; baseline -0.002 -24"><span class='ocrx_word' id='word_1_291' title='bbox 635 5104 693 5167; x_wconf 86' lang='lat' dir='ltr'><strong>hoe</strong></span> <span class='ocrx_word' id='word_1_292' title='bbox 716 5102 829 5167; x_wconf 87' lang='lat' dir='ltr'><strong>adnoto</strong></span> <span class='ocrx_word' id='word_1_293' title='bbox 852 5102 965 5167; x_wconf 85' lang='lat' dir='ltr'><strong>Troiae</strong></span> <span class='ocrx_word' id='word_1_294' title='bbox 988 5104 1095 5169; x_wconf 92' lang='lat' dir='ltr'><strong>lusum</strong></span> <span class='ocrx_word' id='word_1_295' title='bbox 1118 5104 1274 5187; x_wconf 87' lang='lat' dir='ltr'><strong>ludosque</strong></span> <span class='ocrx_word' id='word_1_296' title='bbox 1291 5102 1442 5169; x_wconf 88' lang='lat' dir='ltr'><strong>sevirales</strong></span> <span class='ocrx_word' id='word_1_297' title='bbox 1458 5106 1553 5191; x_wconf 86' lang='lat' dir='ltr'><strong>plene</strong></span> <span class='ocrx_word' id='word_1_298' title='bbox 1570 5106 1711 5172; x_wconf 81' lang='lat' dir='ltr'><strong>diversos</strong></span> <span class='ocrx_word' id='word_1_299' title='bbox 1729 5124 1808 5180; x_wconf 87' lang='lat' dir='ltr'><strong>esse,</strong></span> <span class='ocrx_word' id='word_1_300' title='bbox 1831 5118 1896 5164; x_wconf 87' lang='lat' dir='ltr'><strong>cum</strong></span> 
     </span>
    </p>
   </div>
   <div class='ocr_carea' id='block_1_17' title="bbox 0 0 2209 6164">
    <p class='ocr_par' dir='ltr' id='par_1_18' title="bbox 0 0 2209 6164">
     <span class='ocr_line' id='line_1_32' title="bbox 0 0 2209 6164; baseline 0 0"><span class='ocrx_word' id='word_1_301' title='bbox 0 0 2209 6164; x_wconf 95' lang='lat' dir='ltr'><strong> </strong></span> 
     </span>
    </p>
   </div>
  </div>
 </body>
</html>
