4400 6175
505 713 544 778 18
1132 708 1144 759 l
1162 711 1227 759 extr.

548 953 613 998 aar.
636 935 800 1014 perierant
820 938 953 1012 praeter
975 931 1116 1010 uestigio
1138 948 1219 1010 quoe
1242 948 1305 990 acu
1328 928 1464 1008 explico.

563 1062 608 1106 ou.
625 1045 658 1126 4,
673 1062 716 1108 ου
745 1041 926 1128 Ἀρχιερεός,
951 1039 1081 1126 αὔγουρ,
1111 1043 1169 1102 τῶν
1201 1038 1363 1102 δεκαπέντε
1386 1038 1508 1123 ἀνΙὸρῶν
1531 1038 1589 1097 τῶν
1614 1034 1779 1120 ἱεροποιῶν,
1802 1037 1862 1096 τῶν

704 1173 717 1218 7
753 1153 826 1218 ἑπτὰ
851 1150 964 1237 ἀνδρῶν
988 1153 1162 1237 ίεροπυιΙῶν,
1185 1148 1335 1235 [ἀδε]λφὸς
1358 1150 1508 1233 ἀρουᾶλις,
1538 1147 1652 1230 ἑταῖρος
1675 1143 1782 1220 Τίτιος,
1805 1169 1863 1232 ρη-

751 1267 853 1334 τιᾶλις.
879 1269 885 1335 Ι

504 1399 674 1468 Videamus
698 1398 946 1463 de·eacerdotiis
969 1397 1107 1480 Augusti
1130 1394 1305 1459 secundum
1327 1393 1472 1458 ordinem
1494 1390 1723 1458 commentarii.

574 1474 586 1498 κ
614 1502 760 1568 Pontifex
783 1523 802 1566 a
824 1503 958 1566 Caesare
987 1498 1139 1564 dictatore
1163 1504 1287 1563 creatus
1316 1505 1365 1560 eet
1388 1495 1537 1560 Octavius
1561 1515 1589 1559 a
1606 1497 1670 1560 706
1693 1500 1765 1579 post
1786 1513 1864 1579 pug-

503 1627 576 1669 nam
600 1606 814 1670 Pharsalicam
838 1605 1009 1689 (Nicolaus
1033 1603 1250 1666 Damascenus
1273 1601 1344 1684 ut:
1374 1601 1523 1685 ἐνεγράφη
1553 1599 1597 1668 είς
1623 1600 1675 1682 τὴν
1699 1599 1864 1684 ἱερωσύνην

505 1710 547 1778 εἰς
569 1712 618 1773 τὸν
643 1711 772 1774 Λευκίου
796 1709 935 1794 Δομιτίου
966 1706 1054 1770 τόπον
1085 1704 1335 1790 τετελευτηκότος
1362 1707 1414 1767 καὶ
1441 1706 1456 1767 ό
1480 1705 1575 1788 δῆμος
1598 1703 1678 1786 μαλοι
1699 1702 1864 1788 προθύμως

505 1812 724 1898 ἐχειροτόνησε.
763 1813 812 1875 κοιλ
838 1814 853 1874 ό
883 1813 937 1896 μὲν
961 1811 1024 1896 όίμοι
1047 1817 1084 1894 τῇ
1109 1812 1284 1895 μεταλλαηῇ
1300 1814 1352 1891 τῆς
1368 1808 1496 1891 ἐσθῆτος
1512 1807 1563 1870 καὶ
1579 1813 1616 1890 τῇ
1632 1807 1776 1890 καλλίστῃ
1792 1814 1863 1890 τιμῇ

503 1919 667 2001 κοσμηθεὶς
699 1915 782 1979 ἔθυε.
822 1916 884 1980 (lic.
902 1915 1161 1992 Phi1.5,17,46.
1199 1912 1280 1976 Vell.
1301 1914 1331 1989 2,
1345 1915 1398 1977 59.
1437 1912 1602 1975 Drumann
1617 1911 1648 1986 4,
1662 1910 1726 1973 250
1747 1910 1861 1993 nit),

502 2018 589 2082 unde
608 2018 642 2082 in
663 2020 801 2083 nummis
817 2017 941 2083 Octavii
963 2036 1042 2100 quos
1065 2017 1185 2102 primos
1207 2015 1295 2080 cudit
1316 2037 1411 2100 saepe
1433 2013 1635 2100 pontificatus
1655 2012 1825 2077 invenitur.

614 2123 723 2205 Augur
747 2121 871 2204 quando
895 2123 997 2184 lactus
1021 2121 1073 2197 sit,
1105 2121 1237 2183 nonita
1259 2126 1392 2196 constat,
1422 2125 1458 2183 ut
1479 2119 1584 2182 visum
1610 2124 1659 2180 est
1679 2117 1863 2180 Drumanno

505 2227 550 2308 (4,
568 2227 648 2310 260)
673 2233 705 2290 et
719 2225 889 2307 Borghesio
913 2224 994 2309 (deo.
1020 2243 1107 2288 num.
1126 2227 1155 2299 7,
1173 2225 1192 2287 7
1217 2243 1289 2306 opp.
1305 2226 1333 2299 1,
1350 2223 1439 2305 363).
1482 2222 1600 2285 Extant
1615 2221 1703 2284 aurei
1718 2218 1863 2303 inscripti

507 2330 542 2394 0.
570 2330 692 2392 Cacsar
721 2349 785 2392 cos.
811 2338 901 2409 pout.
929 2349 1003 2411 ουρ.
1035 2327 1157 2411 (dolien
1189 2328 1277 2391 Caes.
1303 2332 1335 2389 et
1349 2328 1430 2408 Aug.
1448 2327 1489 2409 2)
1518 2332 1550 2388 et
1580 2325 1615 2387 C.
1638 2326 1761 2388 Ouarar
1788 2327 1862 2404 imp.

505 2435 601 2494 Illoe'r
623 2453 649 2497 r.
664 2453 696 2512 p.
714 2454 740 2497 c.
762 2441 850 2512 pout.
876 2451 948 2512 cup.
974 2429 1096 2516 (Cohen
1120 2431 1194 2494 Ant
1218 2436 1251 2493 et
1272 2428 1338 2492 Oct.
1364 2450 1395 2492 n.
1412 2429 1453 2512 3)
1471 2435 1555 2492 certe
1578 2429 1648 2491 cusi
1670 2436 1743 2491 ante
1767 2447 1864 2509 quam

505 2535 590 2620 prior
621 2535 839 2599 triumviratus
870 2534 975 2598 liniret
1008 2533 1272 2618 imperatorisque
1307 2552 1497 2616 praenomen
1527 2530 1718 2595 Octavianus
1746 2531 1864 2595 adocia-

505 2645 605 2715 cerat,
635 2639 668 2704 id
693 2646 741 2704 est
763 2646 836 2702 ante
860 2659 888 2701 a.
903 2641 975 2702 717.
1023 2639 1192 2721 Reperitur
1214 2644 1379 2720 praeterea
1400 2637 1499 2699 lituus
1521 2635 1560 2698 ad
1582 2644 1677 2721 caput
1699 2635 1865 2705 Octaviani

505 2744 538 2806 in
563 2761 656 2806 aureo
681 2745 716 2820 Q.
734 2741 863 2806 Voconii
882 2741 981 2804 Vituli
1005 2741 1127 2823 (Cohen
1150 2744 1231 2822 Aug.
1248 2741 1310 2804 391
1325 2741 1495 2802 :Vocon
1512 2741 1548 2823 4)
1579 2761 1655 2804 cuso
1678 2761 1706 2803 a.
1723 2743 1788 2804 716
1813 2740 1865 2802 vel

504 2847 599 2932 paulo
627 2855 737 2931 postea
766 2847 858 2931 (adm.
888 2845 1083 2909 Muuawarcu
1113 2866 1145 2929 p.
1162 2846 1260 2928 742).
1321 2845 1422 2910 Adest
1450 2844 1673 2908 lituue'etiam
1701 2845 1735 2907 in
1766 2863 1865 2908 manu

505 2958 627 3014 statuae
657 2950 828 3034 equestris,
863 2949 914 3012 cui
944 2949 1089 3013 subiacet
1117 2969 1225 3034 prora,
1255 2949 1289 3011 in
1319 2967 1412 3011 aureo
1441 2947 1592 3031 inscripto
1622 2950 1745 3012 Cacsar
1767 2951 1865 3013 llicit

504 3075 532 3117 r.
545 3075 578 3137 p.
595 3076 621 3121 o.
647 3053 785 3138 (Eclrhcl
801 3055 832 3131 o,
851 3055 909 3133 743
935 3053 1039 3118 Cohen
1064 3055 1146 3136 Aug.
1163 3054 1247 3137 192)
1271 3073 1346 3117 cuso
1370 3060 1453 3120 carte
1476 3057 1549 3115 ante
1573 3074 1600 3116 a.
1619 3055 1693 3130 717,
1717 3054 1793 3121 licet
1814 3073 1864 3119 ac·

469 3214 472 3221 ,
505 3165 611 3222 curate
635 3159 673 3222 da
696 3176 779 3221 anuo
800 3176 863 3220 non
886 3158 1017 3239 liqueat.
1059 3159 1175 3222 Contra
1196 3156 1320 3220 nummi
1343 3176 1497 3221 annorum
1520 3155 1777 3240 praecedentium
1790 3178 1864 3222 cum

504 3282 567 3325 non
590 3280 659 3325 raro
676 3261 841 3323 Gaesarem
864 3262 1055 3345 pontificem,
1080 3260 1255 3325 Antonium
1278 3280 1430 3342 augurem
1453 3259 1623 3345 appellent,
1646 3282 1708 3327 non
1729 3263 1863 3329 obscure

505 3366 644 3429 innuunt
674 3370 828 3447 auguratu
857 3364 950 3429 illum
973 3364 1140 3429 etiamtum
1168 3365 1318 3429 caruisse.
1371 3365 1480 3447 Neque
1503 3386 1542 3428 ex
1565 3384 1696 3427 nummo
1717 3366 1750 3431 L.
1767 3365 1865 3431 Gellii

506 3488 580 3532 cuso
605 3490 630 3531 o.
648 3488 676 3529 a.
693 3466 773 3543 713,
804 3467 838 3530 in
863 3488 924 3551 quo
948 3468 1106 3533 Antonius
1130 3488 1229 3551 augur
1252 3468 1381 3545 dicitur,
1412 3472 1527 3534 Caesar
1548 3470 1688 3554 pontifex
1712 3469 1864 3535 adstituto

505 3571 545 3635 ad
567 3570 699 3635 Antonii
722 3579 817 3655 caput
837 3572 1045 3656 praefericulo
1067 3572 1251 3657 pontificali,
1277 3574 1316 3635 ad
1340 3581 1435 3656 caput
1451 3573 1594 3637 Caesaris
1614 3572 1692 3636 lituo
1709 3574 1862 3657 augurali,

504 3680 587 3739 recte
610 3675 782 3739 efficiamus
805 3676 898 3740 illum
921 3676 1018 3741 etiam
1040 3677 1230 3761 pontificem,
1255 3676 1339 3739 huno
1362 3698 1512 3759 augurem
1529 3697 1654 3761 quoque
1673 3678 1782 3755 fuisse,
1807 3679 1864 3742 sed

504 3780 555 3844 vel
583 3780 712 3843 iubente
735 3779 781 3844 ita
803 3780 976 3845 monetario
999 3780 1050 3844 vel
1078 3800 1244 3865 operarum
1273 3780 1396 3843 incuria
1423 3782 1513 3863 signa
1541 3782 1709 3846 sacerdotii
1737 3783 1863 3848 inversa

505 3892 589 3949 eunt.
637 3882 791 3949 Similiter
819 3883 853 3948 in
880 3904 1009 3949 nummo
1034 3884 1075 3949 M.
1092 3884 1236 3949 Barbatii
1266 3904 1341 3949 cuso
1370 3884 1447 3948 item
1477 3906 1504 3948 a.
1523 3886 1586 3949 713
1611 3906 1683 3949 cum
1705 3887 1862 3951 Antonius

505 4009 604 4071 augur
627 3990 818 4073 appelletur,
850 3989 966 4053 Caesar
989 3991 1186 4054 solummodo
1214 3988 1373 4074 pontifex,
1406 3989 1434 4052 si
1457 3989 1586 4071 quidem
1609 4011 1681 4053 vere
1704 3992 1743 4055 ad
1766 3991 1862 4055 huius

505 4097 600 4176 caput
613 4092 750 4157 cernitur
765 4093 874 4169 lituus,
898 4090 973 4155 inde
991 4112 1054 4156 non
1071 4094 1149 4157 satis
1166 4101 1250 4157 certo
1266 4093 1405 4175 colligas,
1431 4093 1514 4175 quod
1531 4094 1657 4176 collegit
1672 4094 1862 4177 Borghesius

505 4195 587 4279 (dec.
610 4214 698 4262 num.
714 4198 781 4271 7,7
807 4214 878 4281 ορρ.
895 4199 922 4272 1,
941 4197 1032 4281 353),
1064 4197 1130 4261 iam
1159 4216 1194 4261 eo
1217 4205 1358 4281 tempore
1381 4198 1545 4261 Caesarem
1570 4198 1669 4261 luisse
1696 4218 1862 4281 augurem3

505 4297 625 4361 accedit
640 4297 725 4382 quod
740 4298 902 4363 Morellius
921 4298 1008 4363 solus
1025 4300 1156 4383 (Antan.
1169 4301 1199 4376 2,
1214 4301 1249 4383 8)
1274 4300 1390 4363 lituum
1404 4300 1497 4363 illum
1511 4300 1650 4377 exhibet,
1674 4301 1864 4365 recentiores

504 4420 612 4465 omnes
635 4402 679 4486 (v.
698 4422 724 4465 e.
742 4422 768 4464 c.
786 4402 892 4467 Cohen
907 4400 1034 4467 Barbat.
1055 4404 1087 4488 1)
1111 4424 1278 4467 nummum
1301 4402 1385 4467 hunc
1408 4404 1475 4466 sine
1491 4402 1570 4467 lituo
1584 4411 1617 4468 et
1635 4405 1816 4469 describunt
1831 4411 1865 4467 et

507 4504 691 4589 depingunt.
732 4507 832 4582 Quam
856 4508 895 4570 ob
919 4528 987 4571 rem
1010 4515 1198 4590 auguratum
1222 4528 1295 4570 eum
1318 4508 1377 4570 sub
1401 4509 1493 4571 finem
1517 4508 1734 4573 triumviratus
1748 4509 1863 4594 prioris

504 4608 662 4692 accepisse
686 4608 883 4687 crediderim,
909 4612 1084 4675 accuratius
1109 4611 1185 4675 haec
1209 4617 1402 4695 persecutus,
1433 4612 1583 4696 quoniam
1605 4612 1673 4676 eins
1695 4612 1864 4677 sacerdotii

503 4712 668 4797 inscriptio
691 4712 731 4775 ad
755 4733 900 4779 nummos
917 4715 1060 4779 (lassaris
1085 4716 1263 4779 accuratius
1287 4714 1542 4779 determinandus
1565 4715 1688 4801 aliquid
1707 4716 1862 4781 momenti

505 4816 610 4881 habet.
662 4817 837 4883 Posteriora
866 4826 1007 4903 tempore
1038 4827 1210 4901 auguratus
1239 4819 1360 4883 diserta
1388 4820 1505 4883 mantio
1534 4820 1625 4885 nulla
1651 4819 1806 4905 reperitur
1827 4820 1864 4883 in

503 4921 642 4988 nammis
657 4923 793 5005 Augusti
815 4923 879 4989 nisi
902 4925 936 4989 in
963 4924 1004 4989 iis
1029 4944 1108 5007 quos
1132 4924 1272 5006 signavit
1287 4924 1322 4989 L.
1336 4924 1482 4991 Pinarius
1496 4924 1615 5009 Scarpa
1635 4944 1664 4986 a.
1677 4924 1862 4999 724-727,

500 5024 561 5091 ubi
580 5026 760 5091 nominatur
786 5046 851 5091 una
879 5048 951 5093 cum
983 5027 1169 5113 pontificatu
1193 5028 1314 5112 (Colica
1337 5027 1419 5111 A'ug
1434 5031 1485 5093 15.
1503 5029 1583 5106 3773
1611 5026 1730 5092 llclrhel
1746 5028 1776 5103 6,
1793 5027 1860 5105 82).

502 5128 607 5195 Etiam
627 5130 751 5196 nummi
775 5129 921 5215 inscripti
942 5135 1015 5213 imp.
1047 5132 1170 5197 Cacsar
1193 5134 1259 5197 dici
1281 5135 1306 5214 f.
1329 5138 1427 5197 Illuir
1449 5137 1522 5197 tter.
1544 5154 1571 5195 r.
1591 5152 1624 5213 p.
1649 5154 1675 5195 c.
1700 5151 1765 5196 coa·
1788 5134 1861 5194 iter.
