4400 6175
328 2009 485 2126 Iudicem
509 2081 615 2126 rerum
639 2082 658 2125 a
681 2081 714 2126 se
744 2065 904 2144 gestarum
934 2083 1006 2128 eum
1035 2084 1130 2146 quem
1161 2063 1284 2128 edimus
1308 2064 1472 2147 Augustus
1496 2083 1532 2128 eo
1555 2063 1687 2128 oonsilio

327 2167 481 2252 scriptum
508 2165 655 2249 reliquit,
682 2171 720 2230 ut
749 2171 821 2250 post
847 2173 981 2231 mortem
1010 2153 1139 2252 publice
1168 2175 1395 2254 proponeretur
1424 2167 1457 2230 in
1480 2173 1685 2252 perpetuum

327 2290 423 2354 quam
445 2269 486 2334 ob
509 2289 577 2334 rem
603 2276 795 2334 testamento
823 2267 920 2347 canit,
950 2277 986 2335 ut
1000 2258 1205 2337 irioideretur
1230 2277 1266 2337 la
1289 2275 1418 2338 oteness
1442 2275 1576 2354 tabulis,
1607 2293 1688 2354 quoe

326 2385 399 2440 cale
420 2378 614 2443 maleam
641 2371 858 2439 statuerentur
880 2375 1034 2459 (Sueten
1048 2378 1129 2460 Aug.
1148 2379 1223 2455 101;
1252 2399 1282 2441 v,
1306 2399 1336 2463 p.
1350 2379 1401 2461 3).
1453 2377 1630 2442 Paruerunt
1652 2384 1688 2441 ut

326 2480 492 2564 oportebat
511 2477 543 2542 ci
558 2478 621 2561 legi
635 2473 770 2545 heredes
783 2477 976 2562 tabulasque
990 2488 1222 2565 proposuerunt
1238 2486 1310 2550 ante
1326 2481 1522 2545 mausoleum
1540 2479 1686 2564 Augusti,

328 2584 456 2648 Μυσία
478 2582 601 2648 dictum
624 2583 728 2648 medio
752 2601 843 2659 aevo,
870 2577 969 2648 altum
991 2585 1026 2648 in
1050 2575 1169 2670 Campo
1192 2586 1305 2650 Martio
1329 2585 1367 2649 ad
1391 2586 1477 2650 viam
1501 2605 1582 2668 quae
1604 2605 1689 2648 nunc

327 2694 377 2752 eat
396 2688 542 2772 Ripettae
564 2685 701 2772 (Becker
723 2694 842 2773 topogr.
866 2688 956 2757 urbia
981 2689 1099 2754 Romae
1120 2709 1151 2774 p.
1166 2691 1256 2774 639).
1302 2689 1384 2754 Nam
1407 2689 1579 2774 exemplar,
1604 2687 1689 2772 quod

329 2789 424 2854 bodie
439 2797 581 2874 superest
594 2792 748 2874 Ancyrae,
770 2789 804 2854 in
817 2791 893 2876 ipsa
904 2793 1152 2878 praescriptione
1168 2793 1283 2858 dicitur
1300 2793 1495 2879 descriptum
1511 2815 1549 2857 ex
1565 2795 1689 2857 duobus

329 2895 459 2958 abacta
478 2897 575 2976 pilis,
603 2915 683 2976 pace
704 2906 779 2959 sunl
801 2898 921 2960 Rom
940 2901 1078 2978 positae.
1133 2897 1197 2964 Neo
1219 2905 1376 2981 pugnant,
1408 2898 1490 2962 sicut
1512 2898 1616 2962 visum
1641 2901 1691 2960 est

327 2996 435 3081 bipaio
459 2997 517 3082 (ad
530 2997 633 3062 Taciti
654 3019 726 3062 ann.
747 3001 775 3076 l,
796 3001 862 3083 ll),
886 3019 957 3064 cum
981 3000 1101 3065 tabulis
1124 3000 1253 3066 abeneis
1276 2997 1421 3065 Suetonii
1443 3001 1527 3087 pilae
1551 3001 1690 3064 aheucac

327 3102 517 3186 exemplaris
533 3102 711 3187 Ancyrani3
734 3122 808 3167 uam
831 3124 929 3190 prope
946 3105 1069 3172 accedit
1084 3105 1126 3169 ad
1142 3105 1271 3170 tabulae
1287 3104 1425 3189 speciem
1439 3105 1507 3191 pila
1522 3104 1687 3189 quadrata,

326 3205 419 3269 euius
439 3206 564 3290 postica
584 3206 626 3270 ad
646 3227 776 3273 murum
798 3207 958 3293 applicata
981 3209 1031 3285 sit,
1056 3209 1143 3275 latus
1164 3214 1336 3293 utrumque
1353 3209 1481 3273 brevius
1498 3228 1517 3275 a
1532 3208 1689 3293 scriptura

326 3318 428 3380 vacet
478 3310 581 3375 Multo
607 3311 714 3379 minue
738 3311 822 3395 quod
845 3313 1043 3378 mausoleum
1066 3312 1148 3377 illud
1173 3334 1211 3377 ex
1235 3311 1340 3399 lapide
1363 3315 1483 3378 lactum
1506 3320 1555 3378 est
1585 3313 1690 3377 obstat
1761 3368 1766 3378 .

325 3414 496 3498 quominus
512 3423 584 3479 ante
600 3414 634 3479 id
649 3415 734 3500 pilae
750 3416 888 3480 aheneae
910 3423 1047 3482 statutae
1066 3417 1193 3495 luerint,
1218 3438 1413 3502 quamquam
1430 3418 1521 3483 aliter
1536 3416 1691 3481 iudicavit

326 3520 495 3604 Zumptiue
518 3520 617 3605 (mon.
642 3522 759 3605 Ancyr.
781 3543 813 3607 p.
827 3523 896 3609 38).

436 3621 544 3691 Iudice
567 3624 615 3689 ita
636 3624 763 3709 publice
786 3626 957 3710 proposito,
983 3647 1077 3711 quem
1094 3632 1127 3690 et
1142 3626 1312 3691 auctoritas
1329 3631 1360 3691 et
1376 3624 1514 3710 brevitas
1531 3644 1689 3691 commen-

326 3727 431 3803 daret,
458 3748 521 3791 nou
545 3728 662 3793 mirum
686 3734 734 3792 est
755 3748 830 3792 usos
855 3750 1052 3794 essenorum
1076 3730 1260 3815 scriptores,
1290 3749 1425 3813 quorum
1447 3728 1530 3792 iuter
1553 3746 1605 3791 eos
1634 3727 1690 3809 qui

326 3836 437 3896 extant
450 3831 597 3896 notitiam
611 3831 681 3899 eius
702 3831 882 3898 babuerunt
895 3834 1037 3898 Velleius
1060 3840 1092 3898 et
1108 3832 1289 3899 Suetonius.
1326 3833 1408 3897 Nam
1422 3830 1574 3907 Velleius,
1599 3830 1689 3893 cuius

327 3918 431 3999 aetite
452 3936 581 3999 tabulae
596 3937 714 4000 Romae
735 3937 915 4021 propositae
938 3944 1022 4015 sunt,
1046 3938 1239 4023 principium
1263 3942 1345 4001 certe
1362 3935 1514 4001 memoria
1529 3934 1689 3999 inuenitur

326 4038 469 4103 tenuisse
485 4040 530 4123 (v.
546 4040 637 4123 p.4);
657 4039 827 4104 Suetonius
843 4048 949 4106 autam
965 4041 1199 4127 cumpluribus
1215 4042 1292 4107 locis
1309 4042 1403 4125 (quos
1420 4038 1595 4124 composuit
1610 4037 1689 4102 Leh-

326 4162 463 4207 mannus
481 4144 634 4207 clocutus
654 4146 719 4209 und
733 4146 819 4209 Nero
837 4146 865 4222 1,
884 4147 1000 4229 50sq.)
1024 4152 1132 4231 aperte
1156 4168 1195 4210 ex
1217 4145 1321 4210 indice
1344 4142 1470 4229 pendet,
1495 4152 1563 4207 tum
1586 4142 1689 4229 ipsam

328 4246 397 4310 eius
412 4247 649 4332 inscriptionem
665 4255 820 4313 memorat
836 4254 880 4328 (v.
897 4247 980 4315 infra
993 4250 1078 4339 pu).
1112 4248 1228 4315 Libelll
1243 4248 1343 4313 forma
1358 4268 1435 4311 num
1450 4244 1547 4311 index
1562 4246 1689 4333 publice

328 4349 432 4416 editus
455 4351 506 4425 eit,
530 4356 635 4438 potest
657 4351 811 4433 dubitari;
837 4360 868 4418 et
883 4352 1024 4419 Velleius
1042 4353 1172 4439 quidem
1196 4351 1428 4437 Suetoniueque
1451 4349 1520 4417 fieri
1536 4356 1639 4437 potest
1654 4357 1690 4415 ut

328 4476 404 4521 eum
417 4454 553 4541 legerint
568 4455 601 4519 in
617 4456 687 4541 ipso
704 4478 894 4542 aereusque
909 4459 1107 4542 grammatici
1123 4480 1195 4525 eum
1207 4459 1315 4526 citant.
1340 4458 1466 4524 Attum
1481 4454 1580 4521 iidem
1592 4454 1691 4523 citent

328 4565 556 4627 testamentum
570 4558 750 4643 (Charisius
765 4583 795 4646 p.
807 4564 868 4628 105
885 4562 995 4646 Keil),
1016 4562 1182 4647 probabile
1196 4568 1245 4627 est
1259 4561 1398 4625 indicem
1414 4578 1540 4643 quoque
1556 4558 1690 4623 homini-

328 4664 391 4728 bus
413 4662 517 4728 doctis
538 4664 652 4728 aetatis
676 4665 859 4749 posterioris
881 4667 915 4730 in
937 4667 1087 4731 manibus
1110 4666 1219 4731 luisse.
1256 4665 1305 4729 Ad
1329 4684 1386 4729 nos
1402 4661 1547 4749 pervenit
1563 4682 1626 4727 nou
1641 4682 1689 4725 oo-

328 4766 456 4832 dicibus
480 4774 682 4853 propagatus,
713 4769 770 4833 sed
792 4790 848 4857 per
872 4770 1066 4857 exemplaria
1088 4776 1155 4835 tam
1176 4767 1278 4857 ipsius
1303 4788 1398 4855 quam
1421 4766 1690 4853 interpretationis

329 4870 476 4948 Graecae,
502 4893 583 4958 quac
606 4872 734 4959 publico
757 4873 889 4941 oonsilio
913 4876 946 4939 in
967 4873 1074 4961 lapide
1089 4874 1188 4941 incidi
1203 4874 1365 4941 iusserunt
1379 4892 1429 4939 res
1446 4868 1593 4960 publicae
1609 4868 1690 4937 duae

329 4974 478 5055 Graecae,
508 4976 651 5043 Galatiae
681 4978 861 5063 provinciae
885 4988 1030 5063 utraque,
1057 4980 1229 5065 Ancyrana
1257 4966 1289 5043 et
1312 4975 1576 5062 Apolloniensis·
1605 4976 1692 5053 Quae

328 5080 528 5151 mouumenti
556 5082 692 5165 insignis
726 5084 856 5167 publica
882 5084 1054 5171 propositio
1084 5082 1316 5169 quodammodo
1346 5081 1514 5147 coniuncta
1542 5087 1591 5146 est
1618 5100 1690 5147 cum

330 5203 440 5249 eorum
463 5184 651 5270 oppidorum
672 5188 896 5254 Caesareorum
920 5190 987 5254 sive
1004 5191 1239 5271 Augusteorum
1261 5186 1487 5263 aedificatione,
1511 5184 1550 5249 de
1573 5183 1691 5266 quibus
