4400 6175
494 657 537 724 22
1107 659 1241 723 ll,2-5

494 835 606 896 notum
628 835 693 909 est3
716 830 853 896 lustrum
875 831 957 895 illud
973 831 1099 898 videtur
1121 832 1336 911 fuissemus,
1360 833 1419 896 hoo
1434 849 1548 900 uxvrrr.
1587 830 1673 894 Anni
1688 830 1745 914 qui
1760 831 1857 895 intor-

495 934 624 998 fuerunt
645 934 728 1000 inter
755 935 893 1000 lustrum
921 956 940 998 a
963 935 1065 1001 Gellio
1093 942 1127 1000 et
1149 935 1282 1000 Lentulo
1313 936 1475 1000 eonditum
1504 942 1537 999 et
1558 935 1696 1016 Augusti
1718 934 1859 1018 primurn

494 1058 564 1104 xun-
584 1058 648 1104 non
669 1039 716 1102 ite
737 1040 911 1124 computati
934 1047 1017 1117 sunt,
1041 1046 1078 1102 ut
1101 1059 1199 1124 supra
1213 1039 1281 1124 (Gr.
1298 1041 1330 1117 4,
1347 1040 1450 1123 2-5)
1473 1038 1550 1102 enni
1564 1059 1620 1122 per
1641 1059 1721 1121 quos
1742 1038 1858 1122 prinoi-

494 1148 605 1227 patum
621 1151 750 1208 senatus
765 1143 904 1208 obtinuit
919 1144 1091 1225 Augustus,
1108 1150 1146 1208 ut
1159 1150 1398 1227 praetereantur
1411 1143 1447 1206 in
1461 1149 1564 1208 totum
1579 1141 1654 1206 anni
1669 1162 1734 1207 non
1750 1141 1854 1226 pleni3

494 1267 570 1312 nam
590 1247 636 1312 ita
658 1247 794 1312 lustrum
816 1247 899 1311 illud
913 1248 1082 1311 referretur
1097 1245 1139 1310 ad
1154 1267 1274 1312 annum
1289 1248 1364 1323 683,
1389 1247 1474 1330 quod
1491 1267 1564 1312 oum
1585 1267 1692 1313 rerum
1705 1246 1859 1314 memoria

494 1358 624 1435 pugnat.
682 1352 785 1428 Quare
819 1371 939 1415 annum
972 1351 1047 1414 faeti
1076 1351 1172 1415 lustri
1199 1351 1366 1434 utriusque
1397 1349 1701 1435 comprehendemus
1727 1369 1858 1416 neeesse

496 1459 546 1518 est
572 1453 680 1536 itaque
708 1453 844 1518 lustrum
869 1453 963 1518 Gellii
987 1460 1018 1517 et
1040 1453 1168 1518 Lentuli
1197 1455 1370 1518 referamus
1400 1454 1441 1518 ed
1470 1475 1500 1521 a.
1516 1455 1595 1533 6853
1626 1453 1723 1536 idque
1746 1473 1858 1519 verum

495 1577 565 1620 esse
588 1557 726 1622 ostendit
748 1578 820 1622 oum
842 1579 947 1622 rerum
970 1557 1045 1622 ordo
1067 1563 1138 1622 tum
1159 1558 1298 1642 epitome
1312 1557 1455 1635 Liuiano,
1479 1548 1645 1642 quae'sola
1659 1556 1755 1623 lustri
1768 1556 1857 1621 illius

497 1680 614 1726 annum
638 1662 716 1725 setis
740 1671 825 1726 oerto
847 1660 969 1726 ratione
992 1660 1141 1725 deelarat.
1185 1661 1268 1725 Nam
1283 1682 1334 1726 res
1358 1682 1386 1724 e.
1402 1662 1466 1726 683
1490 1661 1544 1726 vix
1566 1661 1613 1726 ita
1633 1659 1800 1737 ordinetis,
1823 1667 1859 1726 ut

495 1763 554 1830 hoo
576 1764 646 1848 ipso
671 1785 753 1830 anuo
783 1784 929 1830 censores
952 1765 1003 1828 illi
1026 1765 1169 1844 inierint3
1202 1773 1235 1830 at
1257 1765 1286 1830 si
1308 1765 1450 1830 inierunt
1478 1786 1506 1829 a.
1531 1764 1659 1830 demum
1682 1765 1762 1840 684,
1791 1783 1857 1830 ma-

495 1867 663 1950 gistratum
686 1870 901 1953 deposuerunt
923 1870 1079 1952 sequenti.
1122 1870 1232 1934 Liuius
1256 1876 1361 1934 autem
1384 1869 1521 1934 lustrum
1544 1888 1580 1932 eo
1603 1867 1671 1935 loeo
1692 1867 1800 1942 refert,
1822 1873 1859 1932 ut

495 1972 536 2036 ad
558 1995 586 2036 a.
604 1975 667 2038 685
691 1973 724 2037 id
747 1973 905 2058 pertinere
929 1982 1087 2058 appareat.
1127 1975 1230 2050 Quare
1245 1973 1432 2038 abiciendus
1449 1979 1498 2036 est
1512 1992 1597 2036 error
1612 1976 1769 2053 receptus,
1795 1991 1857 2054 quo

494 2075 632 2142 lustrum
652 2076 735 2141 illud
758 2075 798 2140 ad
821 2097 849 2139 a.
867 2077 932 2141 684
955 2077 1095 2142 adscribi
1117 2077 1206 2142 solet.
1225 2115 1266 2124 -
1282 2078 1386 2142 Conse
1408 2083 1514 2142 auum
1529 2081 1606 2140 sunt
1621 2095 1650 2140 a.
1667 2075 1730 2138 726
1747 2076 1858 2154 sopita

495 2182 710 2260 quadragiens
739 2189 859 2244 eentum
885 2183 987 2244 millia
1014 2189 1045 2243 et
1074 2184 1249 2262 sexaginta
1279 2184 1345 2246 trio
1372 2183 1495 2259 taillia,
1523 2178 1557 2242 id
1585 2184 1635 2246 est
1661 2177 1856 2254 4‚063,000;

495 2303 552 2365 pro
576 2301 638 2364 quo
661 2303 792 2348 numero
816 2283 901 2367 apud
924 2283 1099 2348 Eusebium
1129 2283 1249 2368 (rerba
1276 2283 1415 2348 servavit
1439 2281 1606 2366 Synoellus
1628 2303 1660 2366 p.
1674 2281 1739 2346 593
1754 2281 1855 2350 Bonn.

496 2385 745 2470 oonfirmantque
779 2385 938 2452 versiones
967 2386 1153 2470 Hieronymi
1181 2409 1213 2471 p.
1233 2389 1299 2451 410
1327 2387 1502 2453 seeundum
1532 2382 1615 2450 Suel.
1645 2392 1678 2450 et
1704 2384 1858 2454 Armenio

496 2509 527 2572 p.
541 2489 603 2554 ιιι
634 2491 753 2574 Auos.)
781 2491 929 2573 reguntur
959 2471 1100 2576 potera
1132 2490 1187 2560 ae
1204 2493 1267 2559 „aa
1293 2493 1327 2575 p,
1356 2492 1390 2555 u
1420 2498 1470 2556 ιιι
1496 2491 1673 2567 uresooo.
1717 2489 1856 2567 semes,

496 2592 579 2657 sieut
599 2601 684 2658 reete
707 2595 888 2659 observavit
910 2595 1077 2678 Zumptius
1107 2594 1207 2658 maior
1236 2597 1329 2672 (iiber
1351 2599 1411 2660 den
1436 2597 1538 2660 Stond
1560 2597 1617 2660 der
1639 2593 1856 2675 Beodllcerunp

496 2700 538 2760 tm
553 2700 728 2762 Alternum
749 2699 783 2762 in
807 2719 919 2764 comm.
943 2698 1030 2762 ared.
1046 2697 1150 2764 Berol.
1173 2719 1201 2764 a.
1220 2700 1306 2764 1840
1328 2720 1359 2783 p.
1373 2701 1441 2779 29),
1466 2720 1539 2764 eum
1553 2700 1717 2781 Augustus
1731 2705 1857 2782 praeter

494 2820 589 2865 usum
611 2822 673 2866 uon
696 2805 910 2885 quadragiens
935 2802 1078 2879 dixisset,
1109 2803 1165 2866 sed
1194 2801 1317 2868 adieoto
1341 2823 1377 2866 eo
1401 2802 1485 2887 quod
1511 2802 1593 2868 solet
1610 2801 1757 2884 intellegi
1779 2822 1856 2883 quo

496 2907 647 2986 dragiens
670 2917 790 2971 eentum
812 2910 909 2985 milio,
934 2907 1123 2992 posteriores
1143 2907 1178 2972 id
1198 2913 1388 2992 aeceperunt
1404 2906 1495 2989 quasi
1511 2905 1646 2970 dixisset
1660 2909 1854 2987 quadragies

495 3013 598 3073 semel.
643 3011 756 3095 ltaque
770 3013 934 3095 Augustus
958 3032 1030 3075 oum
1045 3010 1248 3096 praeeipuam
1264 3033 1373 3076 ouram
1388 3010 1481 3074 duxit
1497 3029 1627 3076 sensum
1642 3008 1742 3072 animi
1757 3029 1856 3093 quam

495 3114 694 3199 apertissime
717 3116 892 3200 exprimere
914 3136 972 3179 neo
995 3114 1156 3180 dubitavit
1184 3115 1303 3197 gratiae
1326 3115 1449 3199 aliquid
1473 3114 1652 3190 detrahere,
1681 3121 1718 3177 ut
1740 3113 1855 3181 vitaret

496 3218 722 3284 obsouritetem
745 3219 889 3303 (Sueten.
914 3220 994 3299 Aug.
1013 3219 1081 3301 86),
1112 3226 1148 3282 ut
1170 3218 1214 3294 tit,
1244 3219 1314 3303 ipso
1344 3219 1442 3283 nimio
1466 3217 1682 3301 ambiguitatis
1706 3216 1855 3281 vitandae

497 3321 602 3386 studio
625 3321 738 3385 inoidit
759 3321 793 3385 in
817 3320 1066 3401 ambiguitatem.
1085 3359 1126 3366 -
1148 3321 1220 3403 Egit
1242 3322 1281 3385 de
1304 3323 1361 3387 hoe
1384 3323 1452 3386 loeo
1475 3322 1657 3385 Husohkius
1680 3323 1773 3399 (iiber
1795 3324 1856 3385 deo

496 3448 555 3490 sur
585 3428 656 3489 Zeit
692 3428 749 3488 der
783 3426 899 3487 Geburt
931 3424 1052 3487 Christi
1078 3428 1264 3505 geboltenen
1296 3428 1416 3491 Census
1444 3447 1474 3510 p.
1493 3427 1534 3489 47
1555 3445 1614 3508 sq,
1650 3426 1727 3489 item
1755 3424 1855 3489 altero

495 3529 605 3593 libello
627 3531 704 3593 tiber
727 3523 786 3592 den
811 3528 929 3591 Census
954 3529 1010 3590 der
1033 3529 1214 3592 Kaiserseit
1235 3531 1338 3614 px),
1367 3530 1535 3614 diligenter
1561 3530 1662 3613 magis
1691 3550 1787 3613 quam
1809 3530 1854 3592 ie-

495 3632 613 3699 lioiter:
637 3632 684 3697 ita
699 3640 763 3701 tres
779 3632 836 3695 hos
853 3651 966 3695 oeneus
982 3652 1016 3695 re
1032 3630 1173 3698 diversos
1195 3633 1295 3697 fuisse
1317 3634 1416 3698 voluit
1437 3640 1603 3719 propterea
1623 3634 1708 3717 quod
1731 3634 1854 3717 primus

471 3806 472 3809 ,
497 3737 582 3801 solus
606 3736 722 3801 diserte
750 3734 928 3821 appellatur
951 3757 1063 3800 censos
1084 3740 1208 3818 populi,
1233 3758 1338 3821 neque
1362 3738 1523 3802 intellexit
1533 3739 1717 3821 'Augustum
1740 3743 1776 3801 ιιι
1797 3757 1856 3820 par

497 3854 563 3905 erat
585 3841 723 3926 primum
746 3862 841 3905 usum
865 3860 934 3903 esse
956 3838 1003 3903 rei
1018 3839 1114 3925 plene
1129 3840 1321 3918 definitione,
1345 3846 1455 3926 postea
1469 3840 1611 3904 breviore
1627 3840 1855 3923 significatione

498 3953 529 4010 et
556 3952 639 4010 reete
669 3946 796 4011 omnino
828 3944 1014 4008 Suetonium
1042 3945 1144 4027 (Aug.
1162 3946 1223 4029 27)
1253 3946 1338 4009 huno
1366 3945 1564 4009 monumenti
1591 3944 1695 4008 locum
1724 3943 1856 4008 reddere

495 4050 545 4113 his
569 4050 690 4114 verbis:
714 4071 837 4114 censum
856 4052 967 4131 populi
991 4058 1040 4111 ter
1062 4053 1137 4130 egit.
