4400 6175
531 697 593 760 124
1021 695 1050 748 P:
1069 694 1223 749 SVLPIGII
1241 695 1391 760 QVIRINII

605 891 678 934 moa
700 872 843 951 insipaia
866 872 1014 951 triumphi
1038 871 1171 950 adeptus
1195 872 1352 951 datasque
1373 879 1479 934 rector
1505 870 1890 936 cornuumaueniens

529 974 692 1038 obtinenti.
738 974 892 1036 Tiberium
916 993 1037 1054 quoque
1059 975 1166 1037 noceo
1187 983 1331 1054 aperilem
1353 977 1505 1054 coluerat,
1534 977 1619 1054 qaod
1641 983 1715 1039 tanc
1732 979 1889 1057 patefecit

531 1081 563 1140 ia
590 1087 713 1140 sauata.
768 1077 914 1140 Coluerat
937 1081 1043 1140 autem
1066 1075 1232 1140 Tiberium
1254 1077 1428 1154 Quirinius,
1457 1077 1491 1140 ni
1520 1077 1622 1153 fallor,
1654 1098 1717 1160 quo
1745 1085 1887 1162 tempore

526 1181 694 1265 proconsul
717 1181 751 1244 in
766 1181 878 1244 Asiam
899 1179 997 1244 venit.
1010 1217 1052 1225 -
1069 1179 1215 1262 Denique
1238 1180 1379 1264 nuptiae,
1403 1175 1483 1263 quies
1499 1180 1662 1257 Quirinius
1678 1202 1751 1247 eum
1765 1181 1888 1265 Lepida

526 1285 614 1362 lecit,
644 1285 737 1349 facile
761 1283 988 1368 expediuntur3
1018 1303 1093 1348 nam
1121 1305 1193 1348 cum
1224 1290 1348 1349 constet
1370 1283 1556 1349 Suetonium
1579 1285 1750 1368 (stoma)
1777 1284 1887 1369 paullo

526 1390 689 1454 liberalius
712 1389 795 1452 inter
816 1387 944 1472 nuptias
966 1386 1056 1464 illas,
1089 1407 1170 1471 quae
1200 1408 1262 1451 non
1292 1393 1365 1451 aute
1387 1408 1416 1454 a.
1433 1389 1497 1452 755
1521 1387 1675 1452 celebrari
1702 1393 1886 1473 potuerunt,

527 1499 558 1557 et
581 1493 811 1557 accusationem
835 1513 863 1555 a.
880 1492 944 1555 773
968 1512 1152 1555 numerasse
1175 1511 1274 1555 annos
1297 1492 1420 1574 viginti,
1445 1491 1524 1574 quid
1546 1491 1688 1575 impedit,
1714 1492 1885 1575 quominus

502 1605 504 1610 “
526 1597 656 1682 nuptiae
677 1595 848 1659 reiciantur
870 1601 941 1680 post
964 1595 1101 1671 Quirinii
1123 1615 1162 1658 ex
1186 1595 1279 1679 Syria
1300 1595 1438 1660 reditum
1462 1594 1502 1658 ad
1526 1615 1554 1658 a.
1578 1617 1604 1661 e.
1622 1593 1706 1659 7577
1741 1594 1830 1671 Quod
1856 1594 1883 1657 si

527 1701 578 1763 cui
607 1698 745 1784 spatium
774 1699 911 1762 sedecim
934 1717 1089 1763 annorum
1111 1717 1168 1782 pro
1190 1697 1305 1780 uiginti
1327 1697 1471 1762 Suetonii
1500 1697 1676 1780 displiceat,
1705 1702 1803 1780 ponat
1826 1697 1884 1760 Le·

524 1803 633 1888 pidam
650 1802 791 1879 Quirinio
814 1802 978 1887 nupsissse
1001 1807 1057 1866 aut
1079 1808 1152 1867 ante
1173 1802 1400 1885 profectionem
1415 1802 1533 1865 Romae
1549 1801 1653 1865 autin
1668 1799 1776 1884 Syria3
1802 1807 1885 1865 certe

428 1977 430 1984 ‚
524 1928 616 1971 nemo
639 1907 770 1972 refellet.

635 2011 665 2074 3.
699 2010 810 2073 Restat
835 2008 1021 2073 notissimus
1050 2008 1139 2072 locus
1163 2007 1266 2073 Lucae
1281 2009 1312 2085 2,
1332 2011 1365 2071 l:
1395 2007 1513 2091 ἐγένετο
1543 2009 1578 2070 δὲ
1610 2007 1641 2070 ἐν
1664 2013 1729 2076 ταῖς
1756 2007 1882 2092 ἡμέραις

526 2115 667 2191 ἐκείναις,
699 2113 823 2196 ἐξῆλθεν
848 2110 946 2197 δόγμα
975 2113 1055 2197 παρὰ
1079 2110 1232 2198 Καίσαρος
1255 2111 1431 2195 Αὐγούστου
1455 2112 1684 2197 ἀπογράφεσθαι
1705 2115 1803 2175 πᾶσαν
1826 2113 1878 2195 τὴν

522 2215 718 2302 οἰκουμένην·
741 2217 815 2298 αύτη
840 2215 998 2301 ἀπογραφὴ
1021 2217 1124 2301 πρώτη
1149 2215 1269 2298 ἐγένετο
1285 2216 1520 2299 ἡγεμονεύοντος
1533 2220 1587 2298 τῆς
1602 2215 1712 2301 Συρίας
1727 2213 1880 2300 Κυρηνίου

524 2321 590 2404 (sic
612 2319 679 2383 eod.
701 2318 889 2398 Sinaiticus3
919 2317 1070 2405 Κηρυνίοο
1093 2319 1161 2383 cod.
1178 2319 1286 2398 Alex.;
1317 2318 1465 2406 Κυρείνου
1482 2319 1691 2404 eod.Vatie.).
1742 2319 1791 2382 De
1819 2340 1881 2403 quo
1929 2339 1933 2346 ·

522 2430 691 2508 postquam
712 2427 759 2486 tot
780 2422 841 2487 viri
864 2422 949 2488 docti
970 2429 1035 2488 tam
1059 2423 1162 2487 multa
1183 2423 1341 2499 dixerunt,
1365 2443 1421 2505 ego
1444 2444 1484 2487 ne
1500 2423 1648 2488 volumen
1671 2424 1878 2500 conscribam,

499 2605 502 2614 γ
524 2527 564 2589 ab
593 2527 678 2591 omni
707 2525 847 2610 priorum
870 2532 902 2591 et
928 2527 1172 2612 reprehensione
1202 2533 1234 2593 et
1259 2526 1441 2591 laudatione
1470 2527 1634 2591 abstinens
1657 2527 1735 2591 satis
1757 2527 1880 2593 habebo

522 2651 626 2694 meam
649 2630 837 2694 sententiam
860 2630 998 2694 breviter
1021 2631 1259 2712 significauisse.
1294 2631 1397 2695 Lucae
1422 2630 1460 2694 de
1482 2630 1542 2694 hac
1564 2652 1598 2694 re
1613 2631 1698 2715 quod
1714 2631 1878 2696 attulimus

521 2732 738 2797 testimonium
760 2733 854 2818 plane
877 2733 1055 2798 solitarium
1077 2740 1135 2812 est,
1159 2753 1235 2798 num
1257 2733 1382 2817 reliqua
1404 2734 1569 2816 evangelia
1591 2736 1630 2799 de
1652 2755 1691 2800 aa
1711 2755 1746 2799 re
1761 2742 1876 2812 tacent,

522 2837 689 2921 scriptores
719 2844 826 2902 autem
854 2838 1061 2904 ecclesiastici
1091 2860 1131 2902 ex
1154 2839 1240 2903 Luca
1267 2839 1407 2923 pendent
1436 2858 1554 2903 omues.
1605 2839 1695 2916 Quod
1724 2840 1823 2904 etiam
1844 2841 1876 2904 in

521 2941 677 3006 Iustinum
700 2940 811 3004 eadere
833 2949 956 3007 constat
978 2965 1050 3006 eum
1073 2964 1113 3006 ex
1135 2943 1289 3007 librorum
1312 2943 1380 3006 eius
1395 2943 1546 3008 universa
1560 2943 1667 3008 indole
1689 2944 1735 3027 (ν.
1752 2943 1876 3008 Strauss

520 3048 579 3110 das
602 3047 704 3110 Lebea
726 3047 804 3109 Jesu
824 3049 879 3127 (tir
902 3049 961 3137 das
981 3047 1057 3111 Valle
1078 3067 1110 3130 p.
1124 3046 1166 3110 56
1179 3049 1242 3130 sq.)
1270 3050 1340 3110 tum
1363 3068 1402 3110 ex
1425 3046 1659 3132 comparatione
1687 3047 1876 3111 narrationis

520 3150 715 3213 Iustinianae
744 3149 783 3213 de
811 3170 907 3213 censu
934 3146 992 3213 hoc
1021 3150 1163 3233 (apolog.
1189 3150 1204 3214 Ι
1227 3171 1253 3214 e.
1267 3151 1318 3214 34.
1336 3152 1393 3229 46;
1433 3149 1508 3213 dial.
1531 3172 1603 3215 cum
1625 3151 1744 3235 Tryph.
1772 3172 1799 3213 c.
1815 3152 1875 3235 78)

520 3274 592 3317 cum
614 3254 716 3316 lucae
738 3252 844 3317 uerbis
868 3273 964 3335 supra
986 3252 1113 3331 relatis,
1137 3273 1213 3316 nam
1235 3274 1331 3335 quem
1345 3254 1447 3317 Lucas
1469 3259 1553 3316 recte
1576 3253 1717 3338 appellat
1739 3254 1876 3335 legatum

520 3355 645 3439 Syriae,
677 3376 749 3420 eum
779 3354 920 3419 lustinus
950 3355 1033 3419 male
1063 3356 1141 3419 facit
1167 3363 1400 3440 procuratorem
1431 3356 1565 3420 Iudaeae
1594 3357 1636 3440 (l.
1661 3379 1688 3423 c.
1712 3357 1833 3441 apolog.
1862 3358 1876 3420 l

519 3481 545 3522 o.
563 3460 620 3523 34:
645 3463 686 3528 ὡς
707 3460 758 3521 καί
781 3459 887 3542 μαθεῖν
911 3459 1043 3523 δύνασθε
1067 3460 1101 3522 ἐκ
1125 3466 1183 3523 τῶν
1199 3460 1381 3545 ἀπογραφῶν
1400 3465 1458 3523 τῶν
1475 3460 1643 3545 γενομένων
1660 3461 1709 3523 ἐπὶ
1724 3459 1875 3546 Κυρηνίου

519 3568 571 3626 τοῦ
601 3562 747 3648 ὑμετέρου
779 3562 809 3625 ἐν
836 3562 970 3648 Ἰουδαία
997 3566 1117 3648 πρώτου
1148 3564 1310 3648 γενομένου
1348 3564 1542 3649 ἐπιτρόπου),
1578 3563 1699 3627 scilicet
1725 3564 1877 3629 memoria

520 3666 625 3730 minus
648 3666 712 3729 fida
734 3672 770 3730 ut
797 3666 878 3729 solet
908 3666 1009 3730 citans
1040 3672 1071 3731 et
1092 3666 1177 3731 male
1200 3667 1340 3749 cogitans
1369 3668 1408 3731 de
1432 3668 1482 3731 sui
1504 3667 1655 3752 temporis
1677 3673 1875 3751 procuratore

519 3770 628 3852 Syriae
643 3769 840 3833 Palaestinae
856 3768 1000 3851 (Hennen
1016 3769 1129 3849 5530).
1147 3807 1188 3817 -
1204 3771 1324 3835 Lucam
1348 3778 1453 3835 autem
1476 3771 1583 3855 ipsum
1605 3771 1663 3834 illa
1685 3770 1874 3835 scribentem

518 3879 606 3957 patet
628 3895 665 3937 ea
686 3874 721 3937 in
743 3879 848 3937 mente
865 3873 1026 3949 habuisse,
1051 3894 1132 3955 quae
1148 3873 1301 3957 losephus
1321 3874 1485 3937 illexit.
1509 3874 1556 3938 sie
1571 3876 1680 3938 refert:
1703 3880 1758 3957 τῆς
1772 3873 1874 3960 Ἀρχε-

516 3978 590 4039 λάου
614 3979 718 4062 χώρας
740 3978 901 4046 ὑποτελοῦς
922 3979 1182 4063 προσνεμηθείσης
1204 3986 1242 4061 τῇ
1257 3977 1360 4063 Σύρων
1383 3978 1531 4062 πέμπεται
1552 3976 1702 4062 Κυρήνιος
1726 3980 1783 4041 ύπό
1801 3977 1872 4043 Καί·

517 4100 606 4165 σαρυς
629 4082 701 4165 ἀνὴρ
727 4083 865 4149 ὑπατικός
893 4080 1150 4166 ἀποτιμησόμενος
1171 4082 1208 4145 τὰ
1239 4082 1269 4143 ἐν
1293 4081 1403 4166 Συρίᾳ,
1434 4082 1512 4145 item
1534 4082 1555 4144 l.
1571 4084 1611 4146 18
1634 4082 1696 4145 in:
1726 4081 1873 4167 Κυρηνιος

517 4184 562 4259 δέ,
586 4187 643 4246 τῶν
668 4185 710 4253 εἰς
732 4185 784 4267 τὴν
810 4186 921 4271 βουλὴν
946 4185 1155 4270 συναγομένων
1180 4186 1265 4270 ἀνήρ,
1295 4186 1347 4254 τοὶς
1368 4210 1401 4249 τε
1425 4185 1520 4255 ἄλλας
1542 4186 1638 4271 ἀρχὰς
1661 4187 1872 4254 ἐπιτετελεκὼς

516 4288 565 4350 καὶ
589 4287 637 4349 διὰ
660 4292 762 4350 πασῶν
786 4289 915 4358 ὁδεύσας
939 4290 1047 4359 ύπατυς
1070 4290 1222 4372 γενέσθαι,
1246 4292 1337 4353 τότε
1361 4289 1438 4353 ἄλλα
1454 4291 1598 4375 ἀξιώματι
1615 4290 1720 4374 μέγας,
1745 4291 1797 4353 σὺν
1813 4292 1871 4353 όλί-

516 4413 580 4472 γαις
604 4391 651 4452 ἐπὶ
667 4390 776 4476 Συρίας
797 4397 905 4477 παρῆν,
931 4394 986 4455 ύπδ
1003 4391 1156 4478 Καίσαρος
1178 4393 1368 4478 δικαιοδότης
1390 4400 1442 4457 τοῦ
1464 4393 1571 4463 ἔθνους
1585 4394 1809 4478 ἀπεσταλμένος
1822 4397 1871 4458 καλ

515 4495 640 4578 τιμητὴς
660 4498 717 4557 τῶν
740 4495 849 4559 ούαιῶν
872 4494 1083 4579 γενησόμενος,
1106 4496 1242 4580 denique
1257 4499 1306 4573 18,
1321 4499 1350 4572 2,
1367 4501 1381 4560 1
1399 4505 1569 4581 postquam
1591 4498 1767 4573 Quirinium
1790 4518 1870 4562 eom-

515 4590 717 4663 memoravit:
734 4603 791 4662 τῶν
808 4600 1023 4684 ἀποτιμήσεων
1034 4600 1127 4684 πέρας
1143 4601 1293 4685 ἐχουσῶν,
1310 4602 1341 4664 αἳ
1357 4601 1491 4683 ἐγένοντο
1507 4610 1672 4687 τριακοστῷ
1686 4604 1737 4665 καὶ
1748 4601 1869 4688 ἑβδόμῳ

517 4700 577 4765 ἔτει
601 4703 677 4787 μετὰ
685 4701 841 4767 Ἀντωνίου
859 4704 889 4766 ἐν
905 4702 1010 4788 Ἀκτίῳ
1027 4704 1117 4786 ἧτταν
1141 4705 1198 4766 ὑπὸ
1214 4702 1378 4789 Καίσαρος,
1403 4705 1457 4787 qui
1480 4726 1582 4768 annus
1602 4702 1867 4784 estubiliacus.

515 4806 576 4869 Hie
599 4806 684 4871 onim
707 4828 821 4871 census
842 4828 861 4869 a
883 4806 1025 4883 Quirinio
1048 4807 1214 4873 institutus
1237 4828 1310 4871 vere
1331 4808 1453 4891 primus
1476 4810 1547 4886 luit,
1572 4830 1666 4892 quem
1681 4808 1815 4874 Romani
1836 4808 1868 4870 in

514 4907 694 4975 Palaestina
716 4910 867 4973 iecerunt.
913 4910 995 4973 Eum
1017 4930 1147 4975 censum
1170 4911 1271 4975 Lucas
1295 4910 1424 4992 quidem
1447 4910 1488 4975 ad
1510 4914 1618 4978 orbem
1640 4919 1796 4977 terrarum
1818 4933 1867 4975 ex·

512 5014 624 5090 tendit,
655 5034 727 5099 pum
750 5034 823 5077 vere
846 5013 1034 5099 pertinuerit
1061 5015 1101 5078 ad
1126 5015 1340 5078 Palaestinam
1362 5015 1478 5095 solam3
1510 5018 1588 5083 item
1610 5022 1703 5081 antea
1728 5018 1794 5092 1‚5
1815 5036 1866 5100 po·

513 5117 578 5181 suit
605 5116 682 5182 haee
717 5117 860 5182 evenisse
897 5118 927 5181 ἐν
957 5122 1021 5188 ταῖς
1049 5118 1176 5205 ἡμέραις
1196 5115 1344 5205 Ἡρώδου
1372 5122 1425 5183 τοῦ
1455 5121 1603 5207 βασιλέως
1631 5125 1685 5204 τῆς
1710 5120 1864 5195 Ἰουδαίας,
