4400 6175
876 700 924 766 lll,
940 699 1063 756 et-es
1605 700 1648 764 47

398 874 491 940 Hono
514 873 703 940 laterculum
726 877 871 940 eoourete
894 874 950 959 qui
973 873 1135 961 expendit,
1162 872 1328 957 intelleget
1348 873 1490 958 legiones
1511 871 1649 956 Augusti

296 999 333 1042 ex
355 985 504 1063 qnettuor
528 977 760 1062 quodammodo
782 979 926 1064 pertibus
949 979 1244 1064 compositionem,
1273 977 1415 1061 antiquis
1437 998 1495 1062 xn,
1519 975 1649 1042 edsoitis

292 1101 328 1146 er
350 1083 492 1148 exereitu
507 1081 687 1149 Antoniano
703 1083 753 1148 vel
769 1082 943 1168 Lepidieno
959 1103 1003 1160 vr,
1030 1082 1219 1167 conscriptis
1241 1100 1413 1166 perennes
1429 1083 1495 1148 754
1509 1102 1559 1164 sq.
1577 1099 1648 1155 rm,

291 1184 408 1252 additis
430 1193 502 1270 poet
528 1185 652 1252 oledem
667 1187 836 1252 Verieuam
857 1207 889 1254 11.
943 1185 1114 1252 Videamus
1141 1192 1249 1251 eutem
1276 1186 1316 1250 de
1346 1186 1482 1270 singulis
1504 1183 1649 1271 pertibus

291 1289 397 1354 ordine
420 1290 556 1356 inverso.

375 1393 400 1458 I.
438 1393 590 1477 Legiones
613 1393 694 1460 duas
716 1393 751 1459 in
771 1393 880 1461 ordine
900 1401 1058 1461 extremes
1079 1413 1139 1462 xxr
1162 1400 1194 1460 et
1214 1413 1287 1462 mr
1310 1401 1383 1479 post
1402 1392 1526 1460 oledem
1540 1391 1649 1458 Veria-

290 1517 361 1562 nem
391 1496 563 1562 secessisse
586 1498 708 1563 dudum
736 1498 935 1564 intellectum
963 1509 1021 1566 est.
1075 1498 1219 1563 Primum
1240 1519 1392 1564 numerus
1413 1497 1649 1562 uicesimarium

290 1619 442 1686 superans
465 1601 534 1686 ipse
557 1601 615 1666 bas
638 1601 778 1686 legiones
801 1607 912 1686 postea
932 1600 1061 1668 demum
1084 1609 1118 1668 et
1140 1601 1372 1686 quodammode
1394 1607 1485 1665 extre
1506 1598 1650 1665 ordinem

290 1703 428 1770 odientes
450 1725 519 1768 esse
541 1703 656 1790 prodit
691 1703 814 1770 Deinde
838 1725 919 1790 quse
942 1705 981 1770 de
997 1705 1155 1772 exereitus
1172 1705 1361 1772 Germenise
1379 1703 1537 1770 inferioris
1553 1702 1649 1785 legio·

290 1808 383 1873 nibus
421 1807 651 1874 unetvicesima
685 1809 797 1892 quinte
830 1809 935 1895 prime
961 1810 1115 1876 vioesime
1147 1809 1260 1875 scribit
1286 1808 1416 1874 Teoitus
1443 1808 1539 1892 (eun.
1554 1809 1590 1885 1,
1605 1805 1645 1870 31

291 1911 359 1978 ooll.
382 1910 486 1977 Dione
502 1913 555 1990 57,
579 1912 622 1998 5)
651 1914 852 1978 oemooelnm
879 1917 1107 1979 multitudinem
1134 1935 1236 1996 nuper
1264 1921 1337 1978 noto
1366 1916 1401 1977 in
1427 1914 1506 1977 erbe
1528 1912 1649 1975 delecto

292 2016 423 2102 (nempe
454 2023 527 2102 post
555 2015 678 2082 eledem
694 2017 879 2096 Verienem,
909 2019 948 2084 oi.
964 2017 1025 2084 Dio
1042 2019 1094 2096 56,
1111 2019 1177 2101 23)
1207 2027 1380 2083 ceterorum
1407 2018 1503 2080 medea
1525 2017 1648 2079 animm

293 2124 442 2198 tronione,
467 2119 515 2185 its
536 2120 774 2205 interpretando
796 2127 879 2200 sunt,
902 2121 1059 2206 legionem
1074 2143 1184 2187 reeens
1207 2120 1418 2206 conseriptnm
1436 2139 1495 2188 xxr
1511 2117 1648 2182 tronione

291 2228 351 2286 tres
372 2223 515 2308 reliquas
538 2229 715 2290 veterenas.
729 2271 739 2286 .
751 2224 846 2309 Legio
870 2233 976 2292 entem
991 2247 1064 2295 xxn
1081 2247 1154 2292 oum
1177 2225 1349 2292 eonstitnte
1371 2245 1442 2290 esse
1463 2243 1527 2290 non
1547 2220 1650 2307 possit

292 2333 360 2392 ente
382 2328 503 2392 iontem
524 2327 682 2411 legionem
704 2347 772 2408 xxr,
798 2328 909 2395 eodem
931 2335 1073 2416 tempore
1096 2330 1177 2396 hono
1199 2349 1326 2415 quoque
1348 2329 1489 2394 edditem
1510 2323 1648 2390 credide

291 2430 362 2508 rim,
392 2429 517 2496 soilioet
544 2431 702 2498 militibus
724 2432 952 2512 Deiotarienis,
982 2435 1039 2518 qui
1064 2434 1114 2499 vel
1143 2435 1184 2500 eb
1206 2434 1277 2519 ipso
1306 2453 1378 2516 rege
1401 2431 1515 2498 ermeti
1542 2437 1575 2495 et
1600 2428 1649 2492 in·

292 2535 400 2601 eberti
424 2541 533 2600 essent
546 2535 689 2601 Romano
710 2555 797 2602 more
819 2543 851 2604 et
873 2559 946 2603 enm
968 2558 1062 2622 regno
1079 2539 1148 2604 eius
1163 2537 1204 2603 ad
1218 2539 1400 2622 Augustum
1419 2533 1648 2622 pervenissent,

292 2638 343 2704 illo
365 2645 519 2725 tempore,
550 2659 613 2725 quo
636 2640 891 2724 quibuscumque
914 2641 1017 2708 modis
1044 2641 1150 2728 potuit
1174 2642 1283 2727 oopies
1304 2643 1463 2706 Romanos
1485 2640 1649 2722 Augustus

294 2744 444 2826 sugebat,
475 2743 603 2810 civitate
626 2744 769 2809 Romane
792 2744 916 2810 donetis
939 2751 972 2810 et
993 2746 1027 2810 in
1050 2745 1184 2829 legionis
1206 2747 1340 2812 formem
1361 2741 1508 2808 rodentis.
1556 2739 1649 2805 Unde

292 2846 383 2912 etium
406 2845 503 2913 ieoile
525 2847 718 2934 explicetur,
748 2869 804 2913 our
832 2847 872 2912 ed
895 2868 924 2912 e„
947 2869 979 2916 u.
996 2869 1023 2914 o.
1040 2850 1104 2914 758
1127 2849 1188 2913 Dio
1203 2849 1273 2933 (58,
1289 2848 1347 2933 23)
1375 2848 1490 2912 referet
1511 2865 1548 2910 eo
1569 2850 1649 2908 tem·

291 2969 360 3034 pore
387 2950 491 3016 inisse
517 2949 656 3034 legiones
687 2953 805 3018 civium
827 2953 1040 3018 Romanorum
1061 2973 1146 3022 xxur
1176 2960 1232 3018 aut
1259 2951 1434 3018 seeundum
1456 2949 1536 3014 elios
1560 2967 1645 3025 xxv3

291 3053 418 3133 soilioet,
444 3054 528 3121 siout
548 3056 687 3142 peruidit
710 3055 930 3123 Grotsiendius
954 3057 1161 3142 (Zeitsebritt
1182 3059 1237 3140 {tr
1260 3057 1539 3122 Altertlumsroiss.
1562 3052 1648 3118 1840

290 3177 318 3241 p.
331 3158 422 3242 659),
447 3166 520 3244 post
542 3158 664 3226 oledem
681 3160 852 3226 Verianum
874 3167 1036 3247 eooeptam
1050 3162 1215 3246 Angustus
1238 3160 1351 3226 hebuit
1372 3160 1513 3245 legiones
1533 3157 1648 3241 viginti

291 3266 360 3340 tres,
384 3262 525 3329 moriens
548 3264 680 3349 reliquit
701 3265 816 3348 viginti
839 3265 989 3350 quinque.

373 3366 416 3433 II.
453 3365 627 3450 Legionem
655 3388 674 3433 e
700 3369 796 3435 tertie
830 3369 954 3435 decime
980 3369 1021 3434 ad
1049 3369 1235 3434 vioesimem
1263 3368 1345 3433 ratio
1372 3368 1450 3435 item
1478 3365 1648 3453 peoulieris

292 3477 349 3535 est.
393 3470 495 3537 Nulla
518 3471 553 3535 in
582 3472 632 3538 his
661 3480 724 3552 est,
756 3492 853 3558 quem
874 3473 1008 3559 prebere
1036 3474 1141 3559 possis
1170 3473 1313 3539 extitisse
1335 3478 1408 3538 ente
1431 3492 1551 3537 anuum
1570 3491 1603 3536 u.
1620 3491 1647 3534 o.

292 3574 367 3653 760,
398 3594 465 3659 quo
487 3580 679 3641 memoretur
701 3598 767 3641 une
788 3596 897 3643 eorum
919 3577 1072 3642 vicesima
1099 3577 1134 3641 in
1156 3576 1321 3642 Pannonia
1342 3575 1502 3661 stipendia
1523 3595 1649 3641 merens

292 3677 431 3761 (Velle,
447 3682 537 3766 112).
574 3681 662 3746 Inter
683 3681 832 3764 legiones,
856 3702 992 3765 querum
1006 3687 1172 3746 veteranos
1195 3682 1228 3746 iu
1251 3680 1390 3747 oolonies
1412 3680 1564 3745 deduotos
1579 3698 1650 3743 esse

293 3781 330 3847 eb
359 3785 507 3867 Augusto
537 3790 662 3851 onustat
687 3806 727 3850 ex
749 3785 890 3851 nummis
920 3786 970 3869 (v.
994 3784 1108 3849 berum
1132 3784 1300 3849 elenchum
1322 3805 1353 3869 p.
1370 3782 1452 3869 48),
1482 3781 1573 3845 nulle
1600 3787 1650 3845 est

291 3904 368 3968 queo
390 3908 563 3953 numerum
580 3908 629 3957 xrr
652 3894 794 3975 superet3
821 3887 906 3973 quod
929 3887 1084 3973 quomodo
1107 3888 1176 3952 fieri
1190 3887 1337 3973 potuerit,
1360 3906 1423 3951 uon
1443 3883 1648 3967 intellegitur,

291 3988 317 4053 si
337 4012 412 4057 vere
437 3993 600 4075 Augustus
624 3993 820 4078 permultos
844 4013 943 4057 eunoe
967 3992 1080 4056 hebuit
1108 3991 1249 4075 legiones
1278 3991 1319 4056 ed
1347 4010 1515 4056 numerum
1537 3987 1649 4053 vissei·

289 4095 434 4173 merium,
459 4096 551 4162 fenile
575 4103 679 4163 eutem
706 4096 891 4182 explicetur,
916 4097 944 4162 si
968 4099 1108 4161 extiemo
1132 4095 1261 4163 demum
1282 4103 1423 4180 tempore
1449 4113 1558 4177 eoque,
1587 4111 1649 4175 quo

291 4197 342 4263 uix
369 4199 512 4266 oolonies
541 4200 624 4266 ullas
655 4200 801 4277 deduxit,
834 4200 974 4284 legiones
1004 4222 1023 4264 e
1050 4200 1144 4265 tertie
1171 4200 1294 4266 deoime
1318 4199 1359 4263 ed
1385 4197 1570 4263 rioesimem
1596 4195 1649 4260 ed·

291 4302 390 4369 seivit.
437 4304 581 4387 Denique
605 4304 743 4388 legiones
767 4305 910 4389 gemines
932 4305 1056 4369 numeri
1079 4305 1222 4370 eiusdem
1245 4325 1317 4370 eum
1337 4324 1400 4368 uon
1421 4322 1539 4391 panone
1562 4320 1649 4385 repe·

291 4404 412 4473 riantur
433 4408 516 4474 iuter
537 4406 703 4473 duodecim
719 4409 849 4494 priores,
873 4409 954 4474 tales
970 4409 1077 4473 uullee
1093 4416 1168 4474 sunt
1181 4409 1264 4473 inter
1279 4415 1347 4473 ooto
1362 4406 1565 4494 posteriorem
1590 4402 1649 4469 illa

292 4514 396 4575 eutem
418 4509 588 4594 geminetio
612 4531 684 4575 cnm
706 4511 878 4598 repetenda
899 4511 1044 4578 videntur
1067 4512 1108 4577 eb
1131 4510 1352 4597 adsumptione
1374 4510 1534 4593 legionum
1549 4510 1649 4574 Auto-

291 4610 458 4679 nienerum
473 4613 767 4699 Lepidienerumve,
792 4622 824 4681 et
844 4616 916 4701 ipse
938 4614 1103 4681 referende
1125 4622 1174 4680 est
1195 4616 1277 4680 inter
1291 4614 1410 4680 indioie
1424 4613 1555 4697 originis
1569 4613 1649 4677 auti·

291 4715 419 4797 quioris.
472 4718 558 4795 Ques
580 4717 699 4783 indioie
722 4739 794 4785 oum
817 4719 894 4783 setis
918 4719 1054 4805 prodent
1080 4718 1193 4783 herum
1223 4727 1292 4783 osto
1314 4718 1475 4803 legionum
1496 4717 1650 4800 originem

292 4816 449 4886 diuersum
472 4821 745 4906 etposteriorem,
773 4820 813 4887 ad
843 4842 912 4887 eem
939 4822 1044 4908 ipsem
1066 4821 1285 4908 reperiendam
1316 4821 1436 4889 ducunt
1457 4820 1648 4907 provinoine,

292 4918 324 4985 in
347 4924 464 5007 quibus
488 4932 555 4989 ooto
579 4924 638 4989 hee
660 4924 800 5007 legiones
822 4926 963 5011 primum
985 4926 1202 4993 inveniuntur.
1253 4925 1336 4991 Nem
1359 4947 1431 4992 oum
1454 4924 1648 5009 antiquiores

292 5023 325 5089 in
354 5026 504 5095 latereulo
541 5050 637 5115 supre
669 5029 828 5115 proposito
859 5037 1032 5116 appereent
1065 5051 1122 5115 per
1150 5030 1335 5095 uuiversum
1363 5029 1532 5116 imperinm
1559 5027 1650 5093 nullo

293 5132 417 5197 omuino
453 5132 562 5198 ordine
591 5133 769 5219 dispersae,
805 5156 842 5199 ex
869 5135 919 5201 hie
947 5142 1012 5201 tres
1037 5156 1098 5203 xru
1116 5155 1176 5203 xrv
1193 5154 1252 5203 xv1
1280 5139 1385 5200 eastra
1412 5139 1586 5219 posueruut
1614 5131 1649 5195 in
