4400 6175
814 703 967 756 TITVLVS
987 702 1203 757 TlBVRTlNVS
1626 704 1687 768 123

333 879 488 956 diximus,
519 876 629 960 Syriae
657 875 839 959 provinciae
865 877 1017 942 decennio
1045 875 1169 940 circiter
1191 884 1263 961 post
1285 877 1484 944 consulatum
1513 877 1634 942 dandae
1657 885 1688 940 et

332 991 416 1046 recte
438 1003 473 1045 se
496 979 711 1047 accommodat
732 980 773 1044 ad
795 1001 903 1045 rerum
924 987 1084 1062 gestarum
1099 980 1253 1057 ordinem,
1278 982 1398 1063 551551
1414 981 1665 1066 apudTacitum.

444 1087 475 1150 2.
510 1086 544 1151 O.
569 1086 683 1149 Caesar
704 1083 739 1146 in
762 1085 916 1148 orientem
941 1084 1060 1148 missus
1084 1105 1113 1147 a.
1131 1085 1194 1148 753
1218 1084 1327 1166 ibique
1350 1107 1378 1150 a.
1396 1085 1458 1150 757
1484 1084 1513 1150 d.
1537 1085 1628 1151 Febr.
1646 1085 1682 1148 21

334 1190 500 1254 defunctus
522 1195 657 1252 rectores
680 1187 792 1254 habuit
814 1187 953 1272 primum
975 1188 1018 1253 M.
1033 1187 1187 1264 Lollium,
1213 1188 1327 1255 deinde
1351 1209 1386 1253 eo
1408 1196 1530 1254 mortuo
1553 1210 1626 1254 eum
1650 1187 1688 1254 de

334 1315 396 1376 quo
419 1293 541 1376 agimus
564 1291 743 1370 Quiriuium
766 1292 856 1375 (Tac.
872 1292 895 1358 l.
911 1313 955 1356 a:
979 1295 1073 1356 dutus
1097 1302 1203 1361 rector
1228 1295 1260 1359 C.
1281 1295 1417 1358 Caesari
1432 1295 1613 1358 Armeniam
1635 1294 1688 1358 od·

336 1402 470 1472 tinenti;
493 1399 533 1462 51.
553 1396 680 1461 Sueten.
697 1396 769 1460 Tib.
784 1398 835 1461 12.
859 1396 939 1461 Vell.
955 1397 984 1471 2,
1000 1397 1090 1479 102).
1129 1397 1265 1460 Tantam
1287 1417 1393 1463 curam
1416 1419 1509 1462 nemo
1530 1396 1635 1462 credet
1649 1397 1688 1460 ab

335 1504 478 1584 Augusto
507 1501 696 1585 permissam
725 1521 794 1564 5555
822 1499 887 1564 5151
909 1499 977 1565 viro
1005 1520 1112 1566 rerum
1135 1499 1272 1564 Orientis
1300 1521 1361 1566 usu
1389 1511 1484 1582 gntrc
1515 1500 1633 1583 quique
1656 1501 1689 1564 in

334 1605 415 1688 ipsis
441 1605 519 1670 locis
549 1604 600 1669 sui
631 1603 882 1687 experimentum
908 1603 1050 1679 fecisset3
1087 1603 1185 1686 idque
1215 1605 1300 1670 cadit
1326 1605 1452 1670 omnino
1480 1605 1514 1668 in
1542 1604 1689 1679 Lollium,

336 1709 454 1792 quippe
477 1708 533 1790 qui
555 1729 582 1772 a.
601 1709 664 1773 729
689 1707 846 1772 Galatiam
868 1712 941 1790 post
961 1708 1119 1789 Amyntae
1143 1715 1275 1774 mortem
1300 1707 1331 1772 in
1357 1707 1536 1793 provinciae
1558 1709 1691 1772 sormam

335 1811 510 1893 redegisset
530 1812 726 1896 (Eutropi,
746 1812 810 1893 10).
865 1811 1028 1886 0551551)
1052 1830 1179 1877 remeo
1208 1810 1278 1894 ipso
1302 1811 1403 1874 officio
1428 1819 1558 1893 augetur
1580 1811 1691 1893 proba·

338 1915 444 1980 bilitas
467 1915 647 1991 Quirinium
674 1919 768 1978 antea
790 1934 915 1996 quoque
938 1913 973 1976 in
995 1912 1124 1976 Oriente
1154 1915 1349 1997 provinciam
1372 1915 1513 1997 aliquam
1535 1916 1692 1996 insignem

335 2019 470 2084 feliciter
492 2018 740 2086 administrasse.
776 2018 889 2085 Rector
912 2023 1017 2082 autem
1042 2016 1119 2082 Gaio
1143 2017 1271 2085 additus
1294 2024 1344 2082 est
1365 2025 1438 2102 post
1458 2018 1581 2084 obitum
1597 2018 1691 2082 Lollii

336 2122 454 2188 mortui
482 2141 509 2186 a.
528 2123 607 2198 755,
639 2127 672 2184 51
694 2121 824 2204 quidem
846 2119 1030 2193 Armeniam
1058 2120 1229 2198 obtinenti,
1258 2121 1292 2184 id
1322 2130 1370 2186 est
1393 2143 1420 2184 5.
1439 2123 1518 2198 756,
1547 2121 1581 2185 id
1609 2122 1692 2204 quod

337 2226 455 2309 optime
477 2226 625 2290 convenit
645 2247 719 2290 cum
741 2225 908 2308 legationis
925 2223 1073 2308 Syriacae
1096 2225 1189 2292 annis
1213 2245 1291 2310 5555
1316 2247 1411 2310 supra
1432 2226 1612 2293 invenimus
1629 2228 1688 2290 751

338 2330 512 2394 51752-
529 2331 574 2394 Α1
594 2329 686 2396 aliter
708 2329 800 2410 longe
816 2327 984 2412 Zumptius
1006 2328 1127 2392 iudicat
1150 2330 1186 2412 (l.
1204 2351 1229 2394 o.
1254 2352 1283 2414 p.
1296 2331 1384 2414 102).
1420 2331 1599 2406 Quirinium
1622 2351 1692 2394 curn

338 2429 476 2503 Caesare
497 2432 532 2498 iu
555 2433 714 2499 Orientem
735 2433 870 2498 missum
894 2451 965 2499 esse
987 2451 1060 2497 cum
1083 2432 1222 2516 primum
1251 2433 1279 2498 is
1303 2433 1551 2517 proficisceretur
1574 2453 1601 2498 a.
1619 2433 1693 2508 753,

338 2557 440 2618 55555
463 2557 536 2603 eum
556 2537 657 2602 Lollio
678 2536 881 2612 successisse,
904 2535 960 2600 sed
982 2535 1046 2619 ipsi
1068 2535 1215 2613 Lollium,
1242 2535 1420 2614 Quirinium
1443 2543 1548 2604 autem
1563 2537 1694 2602 Romam

339 2661 500 2709 reversum
517 2647 549 2706 et
564 2642 630 2706 iarn
644 2641 785 2705 solutum
800 2639 925 2704 bellicis
941 2640 1024 2704 curis
1037 2646 1111 2724 post
1126 2647 1258 2706 mortem
1274 2641 1309 2706 L.
1322 2641 1464 2706 Caesaris
1486 2641 1586 2704 5755
1604 2659 1695 2724 spon-

340 2766 406 2812 sam
424 2746 493 2812 eius
508 2746 681 2811 Aemiliam
695 2745 849 2830 Lepidam
862 2744 897 2808 in
912 2745 1151 2814 matrimonium
1167 2746 1306 2812 duxisse.
1341 2746 1385 2810 At
1399 2744 1537 2828 primum
1551 2745 1607 2821 ita,
1623 2765 1696 2810 cum

339 2855 461 2916 constet
482 2849 620 2914 Lollium
640 2849 674 2911 in
699 2847 800 2912 officio
828 2847 1004 2913 decessisse
1033 2848 1126 2930 eique
1151 2866 1363 2914 suscessorem
1389 2848 1604 2930 quaerendum
1627 2869 1696 2912 esse

339 2973 442 3036 neque
464 2942 570 3016 ullum
589 2952 689 3018 alium
711 2957 835 3036 praesto
851 2971 921 3016 esse
935 2958 1060 3036 praeter
1076 2951 1256 3028 Quirinium
1274 2952 1363 3034 (nem
1380 2951 1571 3018 Censorinus
1582 2951 1697 3016 Velleii

340 3058 449 3135 2,102
472 3077 536 3121 555
557 3057 619 3121 1511
639 3056 949 3122 155155005555515
969 3055 1121 3139 insyria,
1146 3056 1202 3121 sed
1223 3055 1390 3139 proconsul
1414 3055 1522 3130 Asiae,
1548 3076 1577 3121 v.
1601 3075 1698 3139 supra

339 3160 447 3245 p-vr),
475 3167 587 3245 parata
611 3167 802 3245 spernuntur
830 3167 1030 3243 rectoresque
1061 3160 1205 3223 05555515
1238 3178 1294 3243 pro
1323 3158 1446 3223 duobus
1480 3157 1537 3241 qui
1566 3159 1695 3223 suerunt

341 3266 501 3345 finguntur
528 3270 593 3329 tres
621 3272 816 3347 quattuorve.
869 3264 991 3328 Deinde
1019 3264 1102 3347 quod
1132 3263 1178 3330 ait
1200 3263 1329 3327 Tacitus
1355 3262 1535 3339 Quirinium
1562 3262 1698 3327 missum

342 3390 411 3433 esse
433 3368 472 3433 ad
498 3369 531 3433 O.
548 3370 715 3434 Caesarem
734 3372 914 3434 Armenium
930 3370 1128 3444 obtinentem,
1150 3387 1355 3450 nequaquam
1383 3372 1487 3450 potest
1510 3365 1696 3447 significare,

291 3537 293 3541 .
341 3472 425 3537 sicut
445 3472 592 3555 Zumptic
615 3473 721 3537 visum
743 3480 792 3537 est
814 3492 916 3556 posse,
940 3472 1191 3560 proficiscentem
1216 3471 1256 3535 ad
1279 3470 1513 3554 expeditionem
1535 3469 1698 3533 Armenia·

342 3598 425 3656 cam3
450 3597 525 3641 nam
548 3594 742 3658 quamquam
763 3576 936 3659 provincia,
959 3575 1098 3639 maxime
1120 3575 1196 3642 olim
1217 3575 1389 3641 constitute
1405 3580 1437 3640 51
1451 3594 1578 3649 vacans,
1602 3572 1699 3638 etiam

342 3680 410 3743 iure
432 3679 499 3743 solo
521 3679 658 3743 obtineri
679 3684 784 3764 potest
805 3681 845 3743 ab
869 3700 914 3756 eo,
939 3679 993 3762 qui
1016 3699 1049 3744 re
1072 3698 1135 3743 non
1157 3678 1287 3753 obtinet,
1312 3683 1419 3743 tamen
1443 3676 1623 3759 Scipionem
1646 3676 1699 3743 ad-

343 3805 453 3847 versus
473 3782 687 3849 Hannibalem
714 3783 849 3849 missum
875 3784 947 3866 quis
971 3783 1056 3849 dicet
1077 3782 1217 3849 Africam
1247 3786 1319 3844 ante
1343 3779 1520 3844 obtinuisse
1545 3800 1639 3861 quam
1665 3800 1700 3843 eo

345 3885 535 3970 appelleret?
577 3887 679 3951 Immo
708 3893 828 3954 certum
857 3893 906 3954 est
933 3887 1078 3952 Tacitum
1109 3886 1186 3949 haec
1215 3885 1276 3949 duo
1305 3885 1402 3948 verbe
1436 3883 1506 3950 ideo
1536 3883 1699 3960 adiecisse,

344 3997 380 4055 ut
403 3990 582 4067 Quirinium
610 3997 749 4055 55155155
778 3998 810 4055 51
838 3989 1026 4055 difficillimo
1057 3997 1197 4073 tempore
1226 3987 1259 4051 in
1290 3987 1490 4071 expeditione
1513 3988 1702 4051 Armeniaca

345 4095 379 4157 C.
396 4091 540 4158 Caesaris
569 4094 716 4159 comitem
742 4098 958 4174 rectoremque
987 4094 1087 4157 fuisse
1117 4092 1362 4173 intellegeretur.
1414 4090 1573 4173 Originem
1595 4097 1701 4155 autem

346 4196 438 4261 duxit
459 4218 608 4281 perversa
622 4197 762 4281 Zumptii
785 4196 1002 4279 interpretatio
1025 4217 1064 4259 ex
1087 4217 1184 4259 cause
1207 4214 1270 4261 non
1284 4194 1504 4277 improbabili3
1529 4214 1601 4259 vere
1617 4195 1701 4261 enim

346 4300 450 4365 Taciti
471 4301 570 4365 verba
597 4301 636 4364 de
659 4301 802 4377 Quirinio
832 4300 877 4365 515
899 4308 936 4362 51
963 4320 1048 4363 5555
1077 4300 1214 4368 eduntur
1238 4320 1310 4363 cunr
1338 4318 1442 4361 rerum
1466 4298 1618 4363 memoria
1639 4319 1701 4363 non

347 4406 424 4469 satis
447 4404 648 4471 conveniunt.
678 4405 763 4468 'Nam
787 4404 816 4469 si
837 4404 882 4467 ita
897 4402 1027 4467 Tacitus
1048 4403 1190 4487 scripsit:
1216 4406 1370 4483 datusque
1392 4412 1498 4465 rector
1516 4403 1549 4464 0.
1569 4403 1703 4467 Caesari

348 4510 526 4572 Armeniam
549 4510 702 4574 obtinenti
728 4511 883 4574 Tiberium
911 4527 1031 4588 555555
1060 4510 1165 4571 neoti
1192 4517 1335 4589 agentern
1359 4508 1516 4581 coluerat,
1548 4505 1703 4587 quomodo

348 4612 587 4677 conciliabimus
611 4612 789 4688 Quirinium
812 4612 851 4675 ad
874 4612 1040 4676 ansaronr
1061 4610 1096 4671 in
1118 4611 1302 4676 Armeniam
1325 4616 1545 4700 properantem
1564 4610 1704 4675 ,coluisse

349 4715 512 4780 Tiberium
535 4715 652 4793 Rhodi,
683 4715 768 4779 unde
796 4717 825 4779 15
853 4715 934 4779 55111
956 4718 1076 4778 aestate
1099 4734 1126 4779 5.
1142 4714 1221 4788 755,
1253 4715 1450 4797 eundemque
1473 4714 1513 4779 ad
1538 4715 1702 4777 Gaesarem

348 4827 495 4885 vocatum
518 4840 587 4884 esse
602 4820 703 4884 Lollio
726 4819 883 4895 (15155515,
909 4820 965 4903 551
986 4818 1067 4886 55111
1088 4818 1158 4901 ipso
1183 4838 1210 4879 a.
1228 4820 1246 4879 7
1250 4816 1312 4881 55?
1350 4818 1393 4882 At
1415 4840 1479 4883 uon
1494 4816 1622 4885 Tacitus
1646 4817 1704 4885 hoc

350 4923 436 5001 dicit,
460 4923 517 4987 sed
541 4924 596 5005 qui
618 4924 702 4987 male
725 4924 823 4987 verba
844 4924 913 4988 ciue
936 4923 1164 5000 distinxerunt;
1194 4919 1363 5002 legendum
1386 4924 1528 4989 omnino:
1553 4923 1641 4989 Nihil
1662 4924 1705 4987 od

349 5039 483 5093 oeterern
582 5031 796 5110 Sulpiciorum
830 5031 987 5109 familiam
1019 5028 1183 5103 Quirinius
1210 5028 1380 5106 pertinuit,
1409 5035 1498 5091 ortus
1528 5030 1615 5107 opud
1643 5047 1704 5089 rnu-

350 5136 500 5213 nicipiurn
515 5135 695 5210 Lonuoiunr,
719 5135 777 5197 sed
799 5135 932 5214 impiger
953 5136 1088 5199 militine
1112 5141 1142 5197 et
1165 5132 1292 5197 acribus
1307 5132 1494 5197 ministeriis
1510 5134 1706 5198 consulatum
