4400 6175
506 693 599 744 XXVI

507 865 645 930 mationa
668 885 707 928 ex
727 863 798 948 ipso
820 864 989 947 archetypo
1011 863 1209 927 sublatarum
1231 862 1365 926 lectione
1386 862 1565 939 curiosiore,
1590 863 1674 946 quod
1694 885 1792 946 genus
1813 887 1858 929 er-

507 989 614 1034 rorum
640 966 788 1052 equidem
810 986 921 1030 censeo
948 966 1059 1051 paucis
1082 965 1222 1050 exeeptis
1250 965 1441 1031 tradendum
1467 986 1536 1030 esse
1563 967 1677 1030 tacitae
1707 968 1859 1034 oblivioni

506 1072 732 1157 perpetuisque
758 1070 908 1136 tenebris.
959 1072 1004 1134 At
1030 1071 1139 1153 negari
1166 1089 1229 1133 non
1257 1075 1361 1155 potest
1383 1069 1539 1153 quaedam
1566 1069 1649 1134 inter
1670 1071 1778 1155 paleas
1801 1071 1858 1136 1111

507 1175 638 1259 reperiri
666 1175 766 1273 frugis
794 1175 909 1250 bonae,
939 1173 1077 1238 maxime
1107 1173 1142 1237 in
1161 1173 1241 1260 locis
1269 1173 1362 1238 hodie
1391 1173 1582 1250 imminutis,
1611 1179 1646 1237 ut
1670 1174 1700 1252 53
1717 1176 1857 1253 34-48,

508 1299 603 1362 quem
625 1279 729 1343 locum
752 1279 881 1364 explent
903 1280 1022 1342 Cosson
1045 1285 1076 1343 et
1097 1277 1210 1354 Lucas,
1240 1282 1273 1342 et
1295 1279 1443 1354 6,1-6‚
1475 1297 1568 1360 quem
1591 1277 1765 1362 pleniorem
1787 1280 1858 1344 reli-

508 1383 580 1466 quis
602 1382 700 1447 habet
720 1382 916 1446 Chishullius
935 1382 1086 1466 (prun),
1111 1381 1189 1445 alibi
1212 1399 1337 1463 quoque
1359 1379 1411 1444 hic
1432 1380 1501 1445 illic
1522 1381 1696 1446 litterulam
1718 1383 1858 1466 reperiri,

507 1485 645 1549 maxime
668 1486 752 1570 apud
774 1485 902 1563 Lucam,
932 1506 1013 1568 quae
1043 1506 1082 1549 ex
1104 1485 1175 1569 ipso*
1195 1483 1302 1568 lapide
1323 1483 1431 1548 veniat
1459 1489 1490 1547 et
1512 1484 1597 1568 apud
1620 1485 1783 1549 Perrotum
1805 1491 1860 1549 aut

507 1611 570 1653 non
593 1590 637 1653 sit
658 1595 713 1653 aut
734 1589 827 1653 aliter
848 1595 1109 1673 repraesentetur.
1145 1588 1310 1651 Praeterea
1333 1586 1418 1670 quod
1439 1586 1567 1650 delendi
1580 1593 1685 1672 potest
1699 1587 1733 1650 in
1748 1608 1859 1651 monu-

506 1698 612 1757 mento
626 1698 733 1757 tantae
753 1692 949 1756 auctoritatis
972 1697 1142 1773 tantaeque
1164 1690 1339 1754 nobilitatis
1361 1710 1425 1754 non
1439 1689 1610 1754 verendum
1627 1697 1676 1755 est
1697 1711 1736 1754 ne
1758 1696 1859 1756 trans·

506 1798 625 1862 feratur
648 1796 688 1860 ad
708 1795 819 1860 titulos
841 1794 983 1879 plebeios
1006 1813 1064 1858 nec
1086 1795 1151 1858 nisi
1170 1814 1337 1858 numerum
1359 1792 1520 1857 facientes.
1560 1793 1641 1870 Quid
1659 1794 1741 1880 quod
1756 1800 1860 1878 potest

507 1899 677 1982 aliquando
701 1898 819 1981 quaeri,
842 1899 877 1962 in
899 1897 959 1963 hoc
980 1904 1183 1962 monumento
1207 1897 1284 1980 quid
1305 1896 1407 1978 legere
1421 1896 1582 1980 potuerint
1598 1895 1725 1981 Lipsius
1742 1904 1773 1961 et
1787 1899 1859 1962 Nie-

506 2003 650 2067 buhrins.
681 2004 783 2079 Quam
804 2002 845 2065 ob
868 2022 934 2064 rem
957 2001 1131 2086 scripturae
1154 2001 1339 2066 varietatem
1360 2000 1516 2082 integram
1538 1999 1656 2077 addidi,
1680 2000 1737 2064 sed
1758 2007 1794 2065 ut
1814 2002 1858 2065 11

507 2105 600 2170 cilius
623 2105 869 2188 distingueretur
891 2104 984 2169 lectio
1006 2105 1199 2181 Perrotiana,
1224 2123 1440 2187 quaecumque
1460 2103 1495 2167 in
1517 2108 1607 2167 textu
1629 2104 1720 2188 posui
1736 2105 1770 2167 111
1786 2105 1859 2168 Ρ11-

506 2209 627 2273 rotiano
655 2208 800 2292 exemplo
829 2214 884 2272 aut
911 2208 1029 2273 omissa
1051 2215 1108 2273 aut
1136 2207 1227 2271 aliter
1247 2207 1302 2270 ibi
1329 2207 1447 2290 scripta
1469 2205 1602 2270 distinxi
1623 2206 1737 2272 litteris
1760 2209 1859 2272 mino-

506 2312 605 2377 ribus.
641 2313 806 2377 Praeterea
826 2312 1009 2377 tabularum
1030 2311 1285 2376 Perrotianarum
1301 2310 1445 2391 duarum,
1469 2331 1549 2394 quae
1563 2317 1743 2395 proponunt
1757 2331 1859 2374 exom-

506 2417 597 2501 plum
618 2416 775 2492 Latinum,
800 2418 1018 2502 repetitionem
1040 2415 1303 2501 lithographieam
1324 2414 1434 2479 libello
1458 2413 1576 2478 addidi.
1684 2471 1686 2478 ,

596 2569 638 2632 Il.
685 2569 836 2633 Graecam
857 2567 1149 2653 interpretationem
1171 2573 1238 2630 tam
1260 2566 1460 2650 Ancyranam
1485 2585 1580 2648 quam
1602 2564 1861 2649 Apolloniensem

507 2672 553 2734 ita
581 2673 729 2756 apposui,
759 2677 796 2736 ut
826 2673 952 2755 singula
979 2679 1136 2756 quatenus
1163 2669 1232 2735 fieri
1261 2675 1366 2754 potest
1391 2668 1512 2732 Latinis
1536 2668 1602 2732 suis
1625 2668 1859 2752 responderent.

507 2774 648 2839 Eandem
675 2796 744 2839 esse
770 2776 1061 2860 interpretationem
1093 2775 1157 2840 iam
1184 2779 1285 2859 patet;
1315 2772 1392 2855 quid
1421 2771 1505 2855 quod
1527 2770 1561 2834 111
1584 2773 1686 2856 eapite
1701 2793 1760 2838 xxr
1783 2772 1859 2836 inci-

506 2878 613 2963 piente
635 2879 825 2944 vocabulum
846 2881 915 2943 ναὸν
939 2879 1092 2943 omissum
1116 2883 1165 2943 est
1186 2877 1221 2941 in
1244 2883 1377 2960 utroque
1404 2874 1548 2959 exemplo
1571 2880 1616 2956 (u.
1639 2897 1670 2960 p.
1685 2876 1758 2959 60),
1788 2895 1860 2939 cum

506 2989 668 3067 praeterea
690 3005 763 3068 pars
780 2983 898 3048 Graeca
920 3005 983 3048 non
1001 2983 1108 3048 minus
1124 2987 1251 3067 propter
1266 2979 1518 3044 emendationem
1532 2977 1692 3042 laudanda
1707 2979 1749 3042 sit
1765 2999 1860 3062 quam

506 3087 628 3152 Latina.
679 3088 776 3152 Varia
803 3088 896 3152 lectio
918 3089 953 3152 in
977 3088 1104 3152 Graecis
1127 3087 1191 3149 fere
1215 3083 1304 3149 nulla
1326 3089 1389 3159 est,
1419 3104 1492 3147 cum
1518 3082 1610 3165 longe
1633 3083 1783 3168 pleraque
1805 3081 1859 3146 ha-

507 3191 639 3254 beamus
669 3212 688 3254 1
714 3198 795 3255 11111
825 3190 979 3273 singulari
1007 3197 1063 3254 aut
1084 3189 1265 3254 Hamiltono
1295 3192 1350 3251 aut
1372 3186 1515 3265 Perrot03
1548 3185 1604 3249 sed
1633 3207 1705 3250 oum
1728 3193 1860 3269 uterquc

507 3314 580 3357 eum
608 3293 670 3357 fide
700 3300 731 3357 et
759 3294 923 3377 diligentia
952 3294 1054 3357 officio
1080 3294 1208 3357 functus
1232 3291 1289 3368 sit,
1320 3291 1358 3355 de
1387 3290 1522 3354 lectione
1544 3290 1644 3355 nihilo
1667 3290 1773 3354 minus
1796 3290 1860 3353 fere

507 3407 640 3467 constat.
686 3399 825 3465 Tabulas
850 3396 1048 3462 Perrotianas
1070 3398 1105 3461 in
1129 3396 1255 3461 Graecis
1279 3395 1357 3459 satis
1380 3395 1485 3459 visum
1508 3400 1557 3458 est
1577 3399 1720 3479 repetere
1741 3393 1836 3479 typis.

594 3560 651 3622 ΙΙΙ.
698 3558 881 3641 Sequuntur
910 3556 1056 3642 exempla
1076 3556 1226 3621 Latinum
1249 3561 1279 3619 et
1303 3555 1456 3618 Graecum
1486 3559 1641 3637 quantum
1669 3552 1737 3615 fieri
1759 3553 1862 3636 potuit

485 3644 671 3747 suppleta,
702 3661 825 3726 adiecta
851 3661 995 3726 lectionis
1024 3661 1176 3725 varietate
1205 3660 1337 3736 selecta,
1365 3658 1504 3723 maxime
1532 3656 1681 3721 indicatis
1708 3656 1786 3721 locis
1808 3656 1859 3732 iis,

507 3765 563 3831 ubi
585 3765 703 3829 tradita
725 3765 818 3829 lectio
841 3765 1010 3829 immutata
1032 3771 1081 3828 est
1104 3763 1292 3829 coniectura.
1333 3761 1562 3846 supplementa
1577 3746 1658 3843 quae
1673 3759 1793 3843 priores
1809 3780 1860 3822 111-

507 3870 723 3952 cogitaverunt
753 3889 896 3952 quaeque
920 3869 1098 3933 coniectura
1119 3870 1342 3951 reposuerunt,
1372 3882 1480 3928 eorum
1502 3862 1587 3927 haud
1610 3883 1712 3946 pauca
1733 3863 1797 3926 iam
1821 3864 1860 3927 ab

509 3972 734 4036 oculatioribus
757 3972 1004 4057 descriptoribus
1019 3971 1138 4055 inipso
1154 3970 1259 4055 lapide
1275 3968 1470 4053 deprehensa
1486 3971 1569 4043 sunt,
1593 3966 1683 4048 longe
1699 3966 1792 4050 plura
1807 3971 1861 4029 aut

506 4076 618 4141 Latino
642 4075 786 4159 exemplo
809 4076 933 4159 expleto
956 4082 988 4139 et
1010 4074 1176 4138 emendato
1199 4080 1254 4137 aut
1276 4071 1443 4136 accedente
1466 4070 1722 4153 interpretatione
1744 4068 1862 4132 Graeca

507 4186 618 4263 sponte
633 4178 849 4257 conciderunt3
867 4178 1003 4262 denique
1020 4198 1058 4241 ea
1073 4197 1197 4260 quoque
1213 4197 1252 4239 111
1268 4176 1344 4240 olim
1358 4174 1500 4258 repertis,
1519 4193 1599 4255 quae
1615 4172 1655 4235 ad
1672 4172 1861 4236 sententiam

507 4304 581 4347 vera
597 4290 703 4347 essent
717 4283 768 4347 vel
784 4289 866 4347 certe
890 4282 1078 4368 probabilia,
1102 4303 1158 4367 per
1180 4282 1364 4345 universum
1385 4276 1645 4343 commentarium
1663 4275 1874 4340 retractanda·

508 4396 596 4450 erant
611 4392 738 4471 propter
752 4386 898 4450 hiatuum
913 4386 1069 4451 ambitum
1084 4406 1168 4449 nunc
1184 4384 1310 4448 demum
1327 4388 1470 4446 accurate
1485 4380 1692 4465 exploratum.
1716 4380 1764 4443 Ex
1775 4378 1861 4442 hisce

506 4490 646 4573 priorum
662 4490 712 4553 vel
734 4490 873 4554 inventis
896 4490 947 4553 vel
971 4488 1156 4553 commentis
1180 4508 1217 4551 ea
1240 4507 1321 4569 quae
1343 4487 1408 4550 iam
1430 4484 1559 4548 inutilia
1586 4485 1688 4547 forent
1707 4488 1739 4545 et
1754 4502 1861 4565 super-

506 4614 652 4671 vacanea,
675 4594 753 4657 item
776 4599 831 4657 aut
852 4594 942 4658 novis
950 4592 1111 4674 'subsidiis
1127 4612 1236 4655 eversa
1252 4588 1416 4655 autetiam
1433 4610 1491 4653 sua
1505 4595 1619 4652 natura
1633 4606 1782 4671 perversa
1795 4585 1860 4669 ple-

505 4717 639 4779 rumque
655 4697 780 4761 silentio
802 4698 903 4779 magis
926 4696 1075 4782 praeterii
1089 4715 1185 4777 quam
1200 4692 1344 4768 refutavi,
1369 4713 1441 4756 cum
1455 4691 1641 4775 praesertim
1656 4690 1741 4753 iusta
1755 4702 1861 4772 pugna

505 4818 568 4863 non
584 4802 627 4863 sit
641 4801 723 4864 inter
745 4802 864 4885 priores
888 4800 1024 4864 editores
1046 4798 1224 4863 necessario
1247 4796 1430 4861 insistentes
1447 4794 1600 4880 exemplis
1617 4792 1788 4858 admodum
1801 4792 1859 4855 im-

504 4903 652 4987 perfectis
675 4912 706 4967 et
722 4924 795 4969 eum
811 4905 867 4987 qui
887 4904 980 4969 hodie
996 4904 1037 4968 ad
1052 4904 1145 4967 hasce
1160 4902 1286 4967 tabulas
1302 4899 1423 4965 aceedit
1437 4900 1610 4964 instructus
1626 4895 1770 4978 exemplo
1780 4896 1859 4965 Per-

505 5007 627 5073 rotiano
650 5013 683 5072 et
704 5009 962 5094 interpretatione
985 5010 1050 5073 fere
1072 5008 1203 5089 integra.
1250 5006 1315 5070 Ubi
1340 5011 1447 5070 tamen
1469 5004 1504 5067 in
1526 5003 1604 5068 locis
1628 4998 1859 5065 difficilioribus

506 5132 544 5173 111
566 5110 726 5193 prioribus
750 5114 908 5195 quendam
931 5134 1041 5177 verum
1062 5112 1114 5176 vel
1134 5110 1252 5176 vidisse
1276 5110 1326 5174 vel
1349 5108 1551 5175 intervidisse
1575 5102 1857 5190 deprehendebam‚
