4400 6175
594 717 656 781 116
1085 717 1115 768 Ρ.
1137 715 1289 770 svarlcn
1308 714 1457 779 vanvn

591 890 712 954 cladem
723 891 893 954 Varianam
909 891 1089 971 Augustum
1105 889 1306 973 praesidibus
1321 886 1558 972 provinciarum
1571 886 1742 971 imperium
1756 905 1932 971 prorogasse,

592 999 629 1056 ut
652 1015 671 1056 5
694 993 807 1077 peritis
830 1001 861 1056 et
883 990 1018 1055 assuetis
1042 991 1289 1057 continerentur.

701 1096 886 1161 Latereulus
910 1115 1006 1178 supra
1028 1094 1209 1179 propositus
1232 1096 1297 1157 fere
1319 1094 1433 1177 plenus
1457 1099 1515 1170 est,
1540 1093 1603 1158 nisi
1627 1094 1713 1176 quod
1733 1096 1815 1158 inter
1829 1093 1934 1156 Vamm

592 1206 623 1264 et
650 1199 682 1264 Ο.
701 1201 865 1264 Caesarem
894 1219 950 1282 per
974 1219 1002 1264 5.
1019 1199 1093 1261 751.
1111 1199 1176 1262 752
1206 1196 1328 1280 legatus
1356 1219 1438 1261 unus
1462 1196 1675 1276 desideratum
1705 1217 1780 1262 nam
1801 1218 1871 1260 cum
1894 1216 1933 1259 so

590 1301 684 1366 litum
712 1301 879 1384 legationis
908 1309 1034 1386 tempus
1062 1302 1237 1367 triennium
1263 1301 1372 1379 tuerit,
1403 1302 1519 1385 reliqui
1545 1301 1593 1366 ita
1615 1323 1685 1367 sese
1707 1302 1879 1386 excipiunt,
1905 1308 1933 1364 ut

591 1403 720 1468 difficile
744 1405 883 1487 aliquem
905 1404 1009 1469 ordini
1037 1405 1235 1490 interponas3
1269 1424 1464 1488 quamquam
1486 1405 1554 1468 fieri
1576 1410 1695 1488 potest,
1724 1412 1762 1470 ut
1787 1409 1933 1490 praeterea

591 1508 743 1572 exciderit
764 1529 847 1572 unus
870 1508 988 1571 alterve
1011 1508 1133 1590 legatus
1158 1508 1440 1573 administrationis
1463 1507 1558 1572 solita
1573 1509 1735 1574 brevioris.
1752 1547 1794 1555 —
1809 1509 1873 1572 Iam
1886 1507 1931 1570 ubi

591 1610 782 1693 quaerimus,
806 1612 846 1675 ad
869 1632 1040 1695 quemnam
1057 1612 1168 1696 Syriae
1185 1613 1324 1695 legatum
1340 1612 1455 1677 titulus
1471 1612 1672 1677 Tusculanus
1687 1620 1771 1677 recte
1785 1613 1929 1685 referatur,

590 1713 728 1797 primum
742 1715 776 1778 in
791 1734 922 1780 censum
937 1735 1000 1779 non
1016 1716 1157 1793 veniunt,
1182 1717 1326 1799 quiante
1342 1715 1517 1799 Agrippam
1533 1715 1643 1798 Syriae
1660 1717 1869 1801 praefuerunt,
1888 1714 1930 1778 vel

589 1813 720 1902 propter¹
732 1819 843 1883 aetatis
859 1819 1007 1895 rationes,
1033 1839 1115 1902 quae
1131 1820 1185 1884 vix
1199 1820 1364 1904 patiuntur
1380 1839 1488 1884 eorum
1504 1840 1697 1902 quemquam
1717 1840 1745 1882 a.
1760 1821 1822 1883 767
1838 1818 1929 1882 etiam

589 1925 657 1984 tum
680 1919 714 1983 in
737 1921 817 1984 vivis
841 1922 949 1999 fuisse,
974 1923 1113 1987 maxime
1136 1944 1210 1988 cum
1231 1924 1260 1987 is
1276 1945 1371 2007 quem
1387 1922 1568 2005 quaerimus
1585 1923 1634 1986 bis
1651 1922 1762 2006 Syriae
1778 1921 1930 2008 praefuerit

589 2023 696 2107 itaque
721 2023 838 2109 duplex
861 2025 929 2089 eius
952 2026 1066 2108 legatio
1091 2033 1164 2091 ante
1187 2048 1216 2093 a.
1230 2028 1292 2090 731
1311 2026 1494 2091 collocanda
1516 2027 1568 2102 sit,
1592 2025 1656 2089 nisi
1677 2027 1757 2089 forte
1776 2025 1835 2088 hoc
1848 2044 1930 2108 ponas

589 2125 731 2208 ignotum
754 2127 847 2191 illum
870 2128 1010 2211 legatum
1032 2130 1171 2215 primum
1194 2136 1267 2194 ante
1283 2152 1310 2194 a.
1324 2131 1399 2207 731,
1423 2129 1538 2194 deinde
1553 2151 1610 2213 per
1630 2151 1656 2192 a.
1669 2130 1743 2192 751.
1759 2129 1822 2192 752
1838 2127 1929 2210 Syriae

588 2229 772 2313 praefuisse.
808 2230 855 2293 Ex
877 2231 918 2295 iis
942 2239 1048 2297 autem
1072 2254 1151 2317 quos
1175 2235 1391 2298 recensuimus
1415 2233 1596 2297 Ciceronem
1619 2231 1761 2296 excludit
1783 2229 1929 2295 etaetatis

508 2337 513 2344 ’
588 2332 668 2396 ratio
692 2338 724 2396 et
746 2333 829 2416 quod
853 2355 872 2396 5
894 2335 1010 2399 bellica
1032 2335 1127 2400 laude
1150 2357 1223 2400 sum
1239 2336 1356 2400 afuisse
1372 2337 1454 2400 inter
1473 2357 1581 2400 omnes
1597 2342 1729 2400 constat.
1767 2334 1929 2416 Neomagis

588 2436 631 2500 M.
648 2435 751 2500 Titius
774 2436 860 2501 credi
881 2444 986 2522 potest
1007 2439 1107 2503 vitam
1129 2440 1215 2504 ultra
1237 2460 1265 2502 a.
1281 2442 1344 2504 767
1369 2439 1570 2523 protraxisse.
1605 2439 1725 2504 Varum
1748 2460 1839 2504 nemo
1859 2438 1929 2519 igno

588 2545 639 2602 rat
664 2539 816 2604 occidisse
846 2540 917 2605 vivo
941 2544 1098 2625 August03
1136 2549 1298 2628 praeterea
1320 2565 1376 2628 pro
1406 2543 1535 2607 consule
1563 2542 1717 2620 Africam,
1754 2563 1815 2607 nen
1836 2541 1929 2606 Asiam

587 2642 670 2706 rexit
693 2643 861 2726 (Borghesi
877 2665 948 2729 opp.
968 2649 996 2722 l,
1014 2647 1105 2730 306).
1140 2647 1307 2712 Volusium
1323 2647 1530 2712 Saturninum
1553 2647 1631 2711 item
1653 2651 1779 2711 constat
1799 2665 1852 2730 pro
1872 2662 1928 2707 con·

589 2745 657 2808 sule
675 2746 814 2810 Africam
836 2747 1075 2812 administrasse
1096 2749 1264 2832 (Borghesi
1278 2750 1300 2813 l.
1318 2771 1345 2814 c.
1367 2750 1474 2834 pala
1487 2750 1562 2834 sq).
1597 2747 1725 2813 Silanus
1750 2769 1822 2813 cum
1836 2746 1927 2830 Syriae
1999 2828 2000 2831 Ἴ

587 2861 659 2936 post
680 2858 813 2917 mortem
828 2853 965 2934 Augusti
987 2874 1135 2938 praeesse
1158 2874 1221 2919 non
1245 2854 1384 2929 desierit,
1409 2854 1563 2918 dicendus
1585 2854 1648 2918 fuit
1662 2853 1787 2935 legatus
1802 2873 1862 2917 non
1876 2848 1927 2914 divi
1999 2856 2000 2871 ¹

586 2954 733 3035 Augusti,
758 2955 813 3018 sed
838 2956 904 3020 divi
926 2957 1064 3040 Augusti
1086 2965 1119 3022 et
1141 2959 1190 3022 Ti.
1209 2958 1352 3023 Caesaris
1367 2959 1514 3040 Augusti.
1545 2993 1600 3013 -.
1617 2957 1658 3021 llt
1679 2957 1717 3020 ed
1743 2956 1854 3021 horum
1873 2953 1927 3036 qui·

588 3056 658 3121 dem
681 3057 806 3122 nullum
830 3059 960 3125 titulum
983 3060 1022 3125 de
1053 3080 1115 3145 quo
1138 3061 1262 3145 agimus
1285 3066 1427 3146 spectare
1450 3080 1559 3125 omnes
1582 3060 1798 3140 consentiunt3
1825 3061 1927 3125 restant

586 3166 659 3237 tres,
684 3161 740 3243 qui
762 3168 910 3246 patronos
933 3165 1020 3229 nacti
1044 3171 1130 3246 sunt,
1159 3166 1200 3230 Μ.
1219 3165 1370 3250 Agrippa,
1395 3165 1429 3228 0.
1446 3163 1575 3229 Sentius
1592 3163 1794 3241 Saturninus,
1822 3165 1854 3228 Ρ.
1870 3159 1926 3225 Sul·

586 3262 689 3347 picius
706 3264 878 3340 Quirinius,
909 3267 1024 3332 —Ad
1049 3268 1225 3353 Agrippam
1253 3269 1382 3333 titulum
1411 3268 1535 3333 rettulit
1556 3268 1738 3332 Huschkius
1769 3270 1862 3351 (ater
1880 3269 1926 3329 der

590 3367 708 3429 censor
737 3388 795 3431 aar
820 3372 891 3433 Zeta
920 3373 977 3433 der
1002 3372 1120 3433 Gabari
1143 3374 1216 3435 Iesu
1240 3372 1362 3435 Cariati
1389 3392 1419 3455 p.
1433 3373 1475 3436 65
1492 3374 1570 3455 sq),
1600 3372 1655 3435 sed
1685 3372 1835 3436 refutavit
1860 3390 1926 3435 com·

586 3475 728 3533 mentum
751 3471 839 3536 nullo
862 3472 986 3555 negotio
1010 3472 1201 3555 Borghesius
1233 3474 1338 3559 (apud
1360 3475 1547 3539 Hennenum
1568 3496 1600 3538 n.
1614 3476 1737 3554 5366);
1770 3475 1883 3539 scilicet
1899 3477 1927 3535 ut

586 3572 650 3635 alia
672 3573 807 3652 mittam,
832 3582 956 3641 constat
972 3578 1145 3662 Agrippam
1166 3600 1340 3662 numquam
1367 3600 1423 3664 pro
1439 3581 1567 3644 consule
1583 3580 1694 3645 Asiam
1709 3581 1928 3645 administrasse

585 3682 617 3739 et
640 3681 713 3741 ante
727 3679 909 3759 Augustum
930 3686 1089 3745 mortuum
1114 3702 1196 3761 esse3
1222 3681 1256 3746 id
1271 3702 1355 3758 vero,
1380 3683 1465 3765 quod
1480 3684 1588 3768 posuit
1600 3684 1794 3762 Huschlius,
1816 3683 1926 3749 titulum

584 3779 667 3843 hunc
691 3781 855 3867 Agrippae
878 3784 1017 3867 positum
1040 3805 1109 3849 esse
1132 3785 1311 3870 imperante
1334 3787 1479 3863 Tiberio,
1509 3807 1612 3871 neque
1635 3788 1702 3851 ullo
1725 3787 1866 3873 exemplo
1885 3785 1925 3848 de

583 3882 723 3947 fonditur
748 3890 779 3949 st
802 3905 838 3949 eo
861 3887 967 3951 minus
991 3888 1066 3951 ferri
1088 3895 1203 3974 potest,
1234 3888 1319 3972 quod
1343 3890 1480 3973 elogium
1503 3891 1707 3957 Tiburtinum
1730 3899 1797 3958 tam
1819 3896 1926 3977 propter

583 3986 707 4063 locum,
737 3987 771 4051 in
797 4009 858 4071 quo
881 3990 1046 4055 inventum
1070 3997 1132 4069 est,
1163 4014 1260 4076 quam
1282 4000 1409 4077 propter
1432 3994 1577 4058 habitum
1600 4000 1766 4061 externum
1788 3996 1853 4059 sine
1871 3990 1925 4056 ullo

583 4088 681 4153 dubio
696 4091 784 4154 stetit
798 4092 831 4154 in
849 4093 1001 4176 sepulcro.
1017 4132 1057 4145 —
1072 4093 1281 4160 Saturninum
1296 4098 1460 4181 proposuit
1473 4098 1596 4181 primus
1612 4099 1827 4181 Bergmannus
1842 4090 1924 4179 (apud

584 4190 780 4256 Gerhardum
795 4198 936 4260 crctdol.
952 4199 1111 4278 Anaeiqer
1126 4219 1153 4261 a.
1169 4200 1254 4263 1850
1277 4222 1308 4284 p.
1318 4202 1395 4284 172)
1411 4201 1513 4285 primo
1529 4202 1613 4284 quod
1628 4224 1712 4265 nunc
1727 4210 1777 4267 est
1790 4200 1871 4266 tituli
1884 4216 1925 4260 vo
1996 4233 1997 4250 ι

581 4294 695 4359 cabulo
719 4296 831 4361 mutilo
848 4298 1048 4364 Germaniam
1071 4312 1160 4365 ratus
1183 4304 1357 4383 nominari3
1383 4325 1480 4387 quam
1503 4306 1683 4389 opinionem
1698 4326 1771 4369 oum
1786 4325 1855 4369 mox
1870 4302 1924 4384 ipse

583 4397 761 4475 abiecisset,
792 4399 830 4463 de
854 4401 988 4466 lectione
1011 4404 1100 4468 tituli
1125 4405 1254 4470 edoctus
1278 4407 1409 4484 veriora,
1440 4428 1510 4471 eam
1534 4409 1673 4492 suscepit
1695 4408 1859 4493 Zumptius
1878 4421 1924 4466 nea

580 4502 690 4583 paucis
714 4522 784 4567 eam
807 4505 980 4589 explicavit
1003 4515 1130 4584 (comm.
1147 4510 1308 4595 epigraph.
1327 4512 1357 4587 2,
1378 4512 1439 4575 122
1456 4512 1531 4595 sq).
1548 4553 1590 4561 —
1607 4513 1723 4576 Contra
1745 4512 1801 4595 qui
1817 4509 1923 4595 primus

580 4603 619 4667 de
641 4604 734 4669 titulo
758 4605 927 4688 diligenter
950 4609 1015 4690 egit
1031 4609 1284 4677 Sanclementius
1308 4634 1381 4677 eum
1404 4634 1572 4697 superesse
1587 4614 1670 4679 dixit
1684 4636 1723 4679 ex
1737 4614 1923 4680 monumenta

578 4706 615 4771 P.
629 4707 764 4791 Sulpicii
777 4710 914 4786 Quirinii
930 4711 966 4794 (l.
983 4732 1010 4775 c.
1026 4734 1057 4797 p.
1068 4715 1150 4798 418)
1172 4735 1306 4799 eamque
1322 4716 1550 4781 Sanclementii
1565 4717 1746 4801 opinionem
1761 4716 1816 4801 qui
1829 4718 1923 4800 postea

577 4808 612 4873 in
628 4829 699 4874 eam
713 4831 779 4875 rem
795 4812 1030 4895 inquisiverunt
1044 4815 1151 4880 idonei
1167 4823 1308 4882 auctores
1325 4839 1397 4884 cum
1417 4818 1473 4882 alii
1490 4825 1558 4883 tum
1569 4820 1761 4903 Borghesius
1771 4820 1921 4883 Henaenus

578 4912 787 4997 Nipperdeius
804 4915 859 4991 (ad
874 4916 947 4981 Tac.
962 4938 1034 4983 anu.
1048 4919 1077 4995 3,
1090 4921 1150 5004 48)
1173 4921 1318 4987 unanimi
1341 4941 1497 4987 consensu
1519 4923 1623 4989 secuti
1636 4930 1721 4990 sunt.
1756 4923 1862 5005 Neque
1876 4934 1920 4997 ego

575 5036 691 5081 novam
714 5024 745 5083 et
767 5018 962 5085 reconditam
985 5021 1160 5089 doctrinam
1182 5025 1316 5108 proftro,
1341 5024 1398 5089 sed
1420 5024 1536 5099 iisdem
1558 5026 1636 5091 viris
1661 5026 1760 5092 doctis
1783 5024 1920 5089 adsensus

447 5180 454 5188 .
576 5118 713 5187 breviter
735 5121 955 5189 demonstrabo
978 5124 1117 5209 primum
1139 5128 1272 5193 titulum
1294 5129 1334 5193 ad
1352 5130 1385 5193 0.
1402 5128 1548 5195 Sentium
1564 5129 1771 5195 Saturninum
1793 5132 1918 5213 spectac
