4400 6175
878 737 1063 804 niet-28
1605 734 1647 798 41

293 917 431 982 Antonio
460 915 616 980 favissent
645 915 734 993 (rubo
762 915 877 999 δήμους
899 912 968 982 τοὺς
994 912 1028 976 ia
1056 918 1094 996 τῇ
1113 909 1227 996 Ἰταλίᾳ
1256 910 1326 980 τοὺς
1353 909 1391 974 τὰ
1417 913 1470 974 rori
1493 908 1650 974 Ἀντωνίου

293 1022 501 1108 φρονήσαντας
529 1018 675 1090 ἐξοικίσας
703 1022 764 1088 ταῖς
792 1019 984 1104 στρατιώταις
1011 1017 1065 1086 τάς
1091 1039 1124 1080 τι
1151 1013 1256 1084 πόλεις
1283 1015 1334 1078 καὶ
1361 1014 1398 1078 τὰ
1426 1014 1525 1100 χωρία
1553 1013 1651 1077 αὐτῶν

293 1124 495 1211 ἐχαρίσαια),
524 1121 658 1206 reliquis
685 1121 821 1208 pecunia
847 1119 1059 1197 satisfaceret,
1090 1118 1253 1184 veteribus
1283 1124 1389 1183 antem
1415 1118 1652 1203 possessoribus

179 1263 180 1268 1
292 1227 415 1294 Italicis
437 1226 554 1312 purtim
568 1225 735 1311 Dyrrachii
752 1232 783 1290 et
797 1223 956 1310 Philippis
979 1222 1121 1308 alibique
1143 1223 1177 1286 in
1199 1221 1372 1306 provinciis
1392 1243 1483 1306 agros
1496 1221 1651 1298 redderet,

179 1383 181 1414 ,
291 1332 411 1418 partim
439 1329 609 1417 pecuniam
636 1349 692 1416 pro
721 1329 806 1414 agris
834 1329 1048 1414 promitteret,
1078 1347 1161 1412 qnae
1191 1326 1328 1412 pecunie
1348 1333 1421 1412 post
1441 1333 1566 1412 captam
1592 1328 1652 1390 Ae·

292 1443 426 1522 gyptum
456 1435 583 1502 demum
611 1435 772 1520 persoluta
800 1441 858 1499 est
910 1433 1066 1499 Similiter
1087 1431 1217 1498 Orosius
1232 1434 1263 1509 6,
1283 1434 1339 1496 19:
1370 1432 1509 1513 Cursor,
1536 1429 1653 1514 inquit,

291 1552 442 1626 quartum
464 1543 576 1608 consul
596 1541 800 1606 Brundisium
822 1543 908 1606 acuit
930 1541 1036 1622 ibique
1059 1541 1149 1604 orbis
1172 1548 1329 1602 terrorum
1348 1537 1517 1618 pracsidio
1538 1537 1653 1600 diuisis

292 1647 474 1738 lepiocihus
497 1648 684 1728 composuit.
719 1643 871 1730 Spectant
886 1642 1023 1740 denique
1038 1643 1100 1708 huo
1116 1641 1334 1708 adnotationes
1348 1641 1431 1706 duae
1444 1639 1653 1716 Eusebianos,

292 1750 466 1816 collocatae
495 1769 551 1814 eea
582 1748 712 1834 quidem
739 1748 808 1814 loco
830 1767 893 1813 non
925 1767 992 1825 suo,
1023 1745 1062 1811 de
1091 1745 1223 1812 coloniis
1253 1744 1397 1811 deductis
1424 1764 1453 1808 a.
1470 1744 1534 1808 722
1568 1743 1655 1827 (Au-

293 1853 380 1936 gusti
398 1855 437 1918 11
455 1851 553 1930 Hier„
581 1853 671 1918 Arm.
687 1852 741 1936 12)
765 1857 798 1916 et
822 1871 850 1917 a.
868 1852 931 1916 727
956 1849 1114 1935 (Augusti
1131 1851 1171 1914 16
1187 1849 1285 1926 Hier,
1312 1849 1353 1914 18
1367 1848 1484 1932 Arm).
1530 1847 1654 1912 bertius

294 1963 404 2022 autem
430 1962 464 2022 et
484 1955 678 2022 luculentius
701 1975 798 2040 quarn
818 1975 925 2019 rernm
947 1953 1116 2040 scriptores
1138 1973 1205 2018 rem
1228 1953 1379 2039 patefacit
1401 1958 1508 2018 auctor
1534 1969 1654 2035 groma-

292 2059 378 2126 ticus
401 2059 547 2144 Hyginus
570 2059 610 2126 de
632 2059 699 2126 lim.
724 2080 755 2145 p.
771 2061 832 2124 177
857 2057 1000 2123 boehm:
1026 2059 1118 2123 dinus
1141 2060 1303 2140 sequias
1325 2055 1524 2142 [postquam]
1546 2055 1655 2134 011019-

292 2168 385 2230 nuoit
409 2168 481 2230 erhi
504 2173 661 2230 terrorum
680 2183 792 2247 pacem
820 2162 876 2246 (id
903 2169 953 2228 est
973 2169 1046 2248 post
1066 2161 1261 2227 debellatum
1280 2160 1454 2226 Antonium
1479 2159 1656 2242 Ianumque

293 2269 453 2348 clausum,
476 2291 506 2336 v.
524 2270 563 2335 ad
580 2271 610 2348 6,
631 2269 697 2356 13),
721 2271 891 2345 0001011101,
916 2269 969 2350 qui
992 2276 1049 2332 001
1069 2269 1130 2332 suh
1145 2269 1286 2332 Antonio
1307 2273 1364 2329 out
1385 2266 1445 2329 sub
1459 2251 1579 2345 Lepido
1601 2263 1656 2325 mi-

292 2377 470 2440 litauerant
491 2374 546 2458 (cf.
562 2373 622 2439 Dio
638 2375 691 2450 51,
708 2370 860 2456 siritio),
881 2372 1009 2453 pariter
1031 2380 1062 2436 et
1076 2391 1206 2436 suumne
1222 2369 1509 2450 lcyicnum'niliics
1523 2368 1656 2432 colonos

291 2481 374 2562 10011
396 2481 481 2545 ulios
504 2481 539 2544 in
562 2479 663 2542 ltalia
686 2478 772 2542 alios
795 2477 829 2539 ic
849 2478 1047 2557 prouinciis:
1075 2476 1264 2558 quibusdem
1285 2476 1399 2538 deletis
1421 2475 1558 2538 bostium
1579 2471 1658 2535 eici-

293 2584 418 2648 lutihus
440 2601 542 2647 socos
565 2582 661 2645 urbes
684 2581 870 2654 constitum
899 2581 1053 2661 quosdam
1075 2581 1111 2643 ic
1138 2580 1298 2644 ueteribus
1322 2572 1451 2660 oppidis
1474 2577 1605 2641 dedecuit
1626 2583 1658 2639 ct

293 2689 429 2752 0070001
450 2687 644 2759 msucdr
667 2686 743 2749 illos
766 2703 888 2766 quoquc
909 2685 1004 2748 urbes
1028 2701 1110 2765 quac
1132 2685 1285 2748 deducm
1299 2702 1320 2747 u
1334 2683 1464 2763 sepibus
1484 2690 1539 2745 out
1554 2683 1658 2745 diotu-

293 2791 422 2858 luribua
443 2792 585 2872 suerunt,
613 2808 693 2871 quos
718 2789 869 2851 bellorum
891 2789 1030 2852 ciuilium
1051 2790 1247 2851 interuentus
1271 2789 1475 2862 0010010101,
1498 2788 1576 2850 doto
1599 2787 1658 2850 ilc-

293 2915 365 2960 rusu
388 2895 534 2960 coioniae
554 2894 678 2959 nominc
699 2911 827 2957 munero
846 2893 958 2956 0101000
973 2893 1154 2973 conplicuit,
1177 2893 1332 2974 quosdam
1347 2892 1518 2972 01101101.
1556 2891 1658 2972 Agros

292 2999 394 3082 igitur
416 2997 612 3082 comparavit
634 2998 797 3078 Augurstus
827 2993 947 3081 duplici
974 2992 1083 3058 modo:
1115 3000 1172 3060 cut
1192 2993 1430 3080 possessoribus
1452 2992 1508 3076 qui
1531 2994 1659 3059 fuerunt

293 3101 441 3188 expulsis
468 3120 551 3169 nove
578 3100 696 3187 oppida
722 3100 897 3177 constituit,
927 3109 983 3165 eut
1009 3106 1099 3185 parte
1128 3105 1254 3165 tantum
1277 3098 1345 3183 egri
1367 3098 1516 3184 adempta
1536 3106 1659 3165 certum

292 3227 465 3273 numerum
486 3205 627 3271 militum
649 3204 690 3270 ad
712 3205 861 3289 antiquos
882 3222 1080 3291 possessores
1104 3203 1283 3290 adscripsit,
1306 3204 1340 3269 id
1362 3204 1565 3288 quodetiam
1586 3209 1660 3289 post

292 3311 419 3377 bellum
435 3308 580 3375 Siculum
596 3310 714 3375 fecerat
729 3310 855 3395 Capuae
879 3308 1031 3393 (testibus
1046 3308 1169 3375 Velleio
1185 3310 1215 3386 2,
1233 3309 1291 3389 813
1316 3308 1420 3374 Plinio
1438 3312 1489 3387 18,
1509 3312 1558 3387 11,
1579 3311 1656 3389 1143

292 3416 398 3481 Dione
413 3416 468 3492 49,
491 3414 547 3497 14)
571 3420 603 3479 et
629 3414 721 3497 Regii
748 3412 824 3479 Iulii
853 3414 949 3498 (teste
972 3412 1128 3478 Strabone
1151 3415 1181 3492 6,
1201 3415 1267 3491 1,6
1290 3434 1321 3499 p.
1334 3413 1425 3498 259).
1479 3413 1560 3479 Tam
1581 3414 1660 3478 haec

294 3526 404 3585 autem
432 3518 553 3605 oppida
578 3538 673 3602 quam
697 3518 756 3583 illa
784 3517 924 3583 colonias
955 3516 1138 3604 appellavit
1184 3518 1295 3602 Neque
1318 3518 1376 3582 hoo
1405 3516 1492 3582 solus
1514 3517 1659 3601 Hyginus

294 3624 410 3702 tradit,
442 3622 499 3688 sed
521 3623 686 3689 confirmat
706 3622 776 3708 ipse
798 3624 980 3705 Augustus,
1011 3641 1110 3707 supra
1130 3622 1225 3699 011
1249 3622 1443 3707 triumphale
1466 3620 1660 3704 congiarium

295 3749 392 3794 suum
416 3749 444 3793 a
464 3728 528 3793 725
551 3727 711 3813 accepisse
734 3726 876 3791 scribens
899 3730 933 3790 iu
957 3728 1094 3791 coloniis
1121 3725 1261 3791 militum
1285 3745 1414 3790 suorum
1435 3723 1578 3790 homines
1601 3724 1659 3788 eir·

295 3832 375 3899 citer
401 3851 470 3900 cxx
487 3831 593 3912 milia3
616 3831 694 3895 haec
717 3829 803 3895 enim
824 3830 923 3895 verba
943 3829 1186 3915 explicationem
1208 3849 1272 3894 non
1294 3830 1422 3906 habent,
1451 3828 1516 3893 nisi
1543 3828 1661 3913 oppida

295 3936 415 4014 omnia,
441 3954 504 4018 quo
526 3934 654 4001 deducti
676 3938 752 3999 sunt
767 3933 889 3999 Actiaci
911 3933 1041 4011 milites,
1065 3933 1208 3999 coloniae
1230 3954 1343 4000 nomen
1367 3940 1564 4019 acceperunt.
1603 3932 1660 3997 Al·

296 4048 402 4107 terum
425 4060 525 4123 genus
548 4038 666 4125 optime
689 4039 851 4104 illustrant
873 4036 960 4103 tituli
976 4038 1126 4116 Atestini,
1150 4038 1207 4122 qni
1230 4059 1303 4103 cunr
1325 4037 1405 4102 alios
1429 4043 1593 4102 veteranos
1616 4036 1660 4101 le·

296 4143 402 4227 gionis
421 4163 456 4211 xl
481 4142 601 4209 tribum
618 4142 834 4209 Atestincrum
847 4136 1017 4207 homiliam
1032 4142 1186 4207 habentes
1201 4140 1543 4207 nominant‘Actiacos’
1562 4142 1660 4228 (Hen-

297 4268 356 4313 cen
370 4248 486 4331 6671),
507 4254 577 4313 1011
592 4250 812 4313 1111111100οα
828 4248 868 4311 ll.
882 4250 907 4330 s.
921 4249 1009 4311 Rom.
1024 4250 1189 4312 Actiacum
1204 4250 1327 4329 leyione
1344 4268 1387 4327 11,
1411 4250 1537 4329 proelio
1551 4249 1660 4313 aneoli

296 4354 437 4435 1001010
458 4354 802 4433 007001001άοάο01010,
826 4354 866 4415 uh
890 4353 1002 4416 ordine
1021 4354 1220 4417 decurionem
1235 4354 1381 4416 allectum
1395 4352 1659 4437 (Henzen6959).

299 4455 391 4533 Quod
416 4455 445 4521 si
475 4476 527 4521 res
548 4455 679 4540 publice
700 4458 825 4532 Ateste,
857 4474 938 4547 quae
960 4456 1064 4519 fuerat
1092 4462 1181 4533 ante,
1212 4456 1317 4521 solute
1338 4465 1424 4521 esset
1449 4476 1595 4541 novaque
1622 4478 1661 4521 ex

299 4559 377 4623 solis
402 4558 521 4624 colonis
544 4560 724 4634 constitute,
749 4558 920 4623 Billienum
945 4558 1128 4655 hunclordo
1151 4580 1214 4625 non
1229 4566 1319 4625 extre
1333 4559 1475 4625 ordinem
1491 4561 1663 4644 adlegisset

303 4662 521 4739 decurionem,
556 4663 610 4727 sed
642 4663 725 4728 inter
755 4663 881 4727 colonos
910 4663 1088 4747 adscriptus
1117 4663 1210 4728 solito
1238 4683 1325 4729 more
1355 4664 1395 4728 ad
1423 4663 1663 4729 decurionatum

300 4766 512 4852 pervenisset3
537 4774 645 4833 eontra
660 4774 806 4833 manente
828 4788 863 4833 re
877 4768 1008 4853 publica
1022 4767 1249 4833 colonisnovis
1264 4768 1443 4853 adscriptis,
1467 4767 1662 4832 honestiores

301 4892 412 4937 eorum
435 4871 475 4937 ad
499 4872 681 4957 exemplum
702 4872 918 4938 honestiorum
941 4872 1118 4937 incolarum
1140 4872 1174 4937 in
1189 4872 1332 4938 ordinem
1353 4872 1489 4938 adscitos
1504 4892 1574 4936 esse
1590 4891 1662 4935 con-

302 4981 492 5041 sentaneum
521 4982 579 5043 est.
636 4975 780 5041 Putarim
809 4980 916 5041 autem
946 4974 1122 5040 secundum
1149 4996 1258 5059 genus.
1276 4977 1312 5041 in
1334 4975 1429 5041 ltalia
1455 4981 1538 5041 certe
1560 4974 1662 5039 multo

302 5078 400 5145 latius
416 5080 558 5165 patuisse
572 5080 685 5165 priore,
707 5079 782 5145 licet
795 5078 856 5145 Dio
872 5080 1064 5145 0001101101]
1080 5079 1213 5145 suadere
1228 5080 1387 5160 videatu13
1410 5100 1485 5145 nam
1501 5086 1533 5145 et
1546 5077 1661 5144 melius

304 5183 452 5249 conuenit
480 5183 747 5249 administrationi
781 5204 886 5250 rerum
921 5184 1138 5269 publicarum,
1173 5185 1301 5268 qualern
1329 5186 1494 5269 Augustus
1522 5181 1663 5251 instituit
