4400 6175
1644 717 1695 772 Vll

339 884 438 952 Keilii
459 885 574 951 admisi
596 887 849 954 emendationem
872 907 935 954 non
956 891 1042 954 recte
1063 887 1283 973 impugnatam
1298 909 1318 954 a
1331 887 1464 954 Franaio
1478 889 1527 968 (in
1542 889 1593 955 ed.
1609 909 1693 954 mou.

339 992 455 1074 Ancyr.
479 992 613 1076 p.102);
642 1013 718 1058 nam
739 991 871 1058 minime
898 1013 1009 1059 verum
1036 999 1085 1058 oet
1112 992 1147 1057 in
1169 992 1298 1058 Tiberio
1320 994 1480 1079 expectari
1502 1013 1694 1081 praenomen

337 1094 548 1179 imperatoris.
596 1099 735 1183 Apparet
761 1119 800 1162 ex
822 1097 916 1164 titulo
938 1096 1049 1164 aedem
1072 1096 1333 1182 Apolloniensem
1355 1106 1388 1162 et
1408 1098 1512 1183 ipsam
1533 1099 1633 1164 inisse
1655 1119 1696 1163 ex

339 1218 452 1281 genere
475 1201 707 1282 Augusteorum
736 1210 768 1269 ot
796 1223 867 1268 eam
896 1222 1021 1288 quoque
1052 1200 1229 1268 dedicatam
1257 1223 1328 1268 esso
1350 1203 1527 1287 imperante
1549 1201 1694 1282 Tiberim

338 1321 442 1387 nequo
466 1304 612 1370 absimile
636 1307 702 1372 veri
725 1307 835 1374 eodem
857 1313 1008 1393 tempore,
1033 1326 1095 1391 quo
1112 1306 1296 1372 Galatarum
1315 1327 1482 1372 commune
1495 1307 1530 1371 in
1550 1327 1610 1372 eoa
1631 1325 1696 1372 me-

337 1407 454 1494 tropoli
481 1415 517 1474 ut
545 1411 742 1494 Augusteum
771 1413 861 1478 lieret
889 1410 1043 1488 decrevit,
1075 1411 1173 1476 etiam
1200 1410 1326 1476 Pisidas
1355 1410 1477 1476 Galatis
1504 1410 1538 1478 iu
1567 1410 1696 1497 provin-

338 1511 460 1578 ciarum
488 1514 643 1582 diuisione
671 1515 835 1583 adiunctos
872 1517 1063 1593 decrevisse,
1098 1524 1136 1580 ut
1158 1517 1360 1600 Augusteum
1383 1517 1473 1582 lieret
1495 1515 1695 1601 Apolloniae.

337 1616 490 1700 Aliquam
517 1619 684 1704 utriusque
713 1619 941 1686 aedificationis
969 1619 1224 1686 coniunctionem
1250 1620 1348 1685 edum
1373 1619 1433 1684 hoc
1461 1618 1581 1705 prodit,
1610 1617 1696 1702 quod

338 1720 471 1784 eandem
499 1721 793 1809 interpretationem
816 1725 966 1790 Graecam
995 1731 1129 1809 uterque
1157 1724 1295 1810 populus
1323 1723 1359 1788 in
1382 1726 1545 1808 Augusteo
1568 1742 1625 1788 suo
1648 1722 1696 1788 in·

338 1824 476 1910 scripsit

449 1929 518 1993 Iam
540 1929 713 2009 videamus,
739 1929 801 1996 duo
823 1931 969 2016 exempla
991 1931 1123 2015 quinam
1145 1928 1341 2016 reppererint
1362 1935 1395 1994 et
1416 1927 1641 2014 descripserint
1663 1935 1696 1993 ct

339 2033 459 2116 quibus
481 2035 635 2102 subsidiis
658 2036 735 2102 haec
758 2035 855 2102 editio
878 2035 1031 2100 adornata
1045 2033 1098 2102 sit.
1133 2033 1286 2100 Subsidia
1307 2041 1415 2099 autem
1430 2030 1589 2118 intellego,
1614 2052 1696 2116 quae

339 2134 378 2199 ad
406 2137 496 2201 tituli
524 2139 620 2204 crisin
649 2139 782 2218 iaciant,
813 2160 886 2205 nam
917 2139 973 2224 qui
996 2137 1257 2204 commentarium
1282 2157 1322 2202 ex
1345 2136 1439 2202 editis
1462 2135 1554 2202 libris
1583 2133 1697 2221 repeti·

339 2240 444 2306 verint
466 2243 584 2327 quiquo
606 2244 640 2308 in
664 2265 700 2311 oo
722 2243 958 2330 interpretando
981 2243 1236 2328 illustrandoqne
1259 2243 1375 2308 versati
1398 2241 1473 2320 sint,
1496 2261 1550 2307 coe
1570 2256 1633 2306 non
1649 2261 1698 2304 re-

338 2365 462 2412 censeo.
515 2347 715 2414 laterculum
746 2349 878 2416 huiusce
905 2349 1029 2434 generis
1059 2347 1268 2433 scriptionum
1297 2345 1354 2431 qui
1383 2345 1532 2430 requirit,
1562 2344 1699 2432 reperiet

338 2452 425 2536 apud
447 2451 483 2516 Ε.
496 2453 651 2538 Eggcrum
673 2475 803 2520 ecomca
826 2457 960 2538 critique
982 2455 1036 2518 des
1061 2455 1235 2518 lutericus
1260 2449 1441 2533 d’Aupuclc
1463 2471 1493 2535 p.
1505 2450 1630 2532 412sq.
