4400 6175
900 678 945 742 vr,
963 679 978 730 a
993 705 1025 714 -
1042 679 1082 753 ιιι
1622 679 1664 740 95

302 853 376 918 Non
407 851 554 918 absimile
583 851 650 918 veri
677 858 726 918 eet
762 851 952 936 legationem
982 851 1184 928 Parthorum,
1219 871 1302 934 quae
1334 851 1493 917 mandatis
1523 852 1665 932 Augusto

300 959 424 1024 Romae
445 957 579 1024 redditis
613 957 777 1024 Tiberium
808 975 933 1040 quoque
963 956 996 1020 in
1026 955 1191 1040 provincia
1218 955 1305 1020 adire
1332 956 1421 1020 iussa
1444 963 1492 1020 est
1514 953 1664 1037 (Sueten.

300 1061 377 1126 Tib.
398 1062 463 1146 16),
487 1062 569 1128 hane
590 1061 695 1146 ipsam
718 1083 804 1140 esse;
829 1061 914 1145 quod
937 1060 965 1124 si
987 1061 1033 1126 ita
1055 1067 1113 1136 est,
1137 1059 1246 1124 Parthi
1262 1060 1424 1125 Vononem
1444 1079 1549 1140 regem
1566 1079 1665 1120 arces·

299 1167 449 1231 siverunt
477 1167 559 1232 inter
588 1187 616 1230 a.
635 1169 697 1230 757
723 1173 754 1230 et
777 1168 851 1232 759.
898 1165 1033 1231 Omnino
1062 1165 1174 1230 horum
1208 1185 1318 1247 regum
1350 1171 1436 1229 aetas
1473 1181 1585 1247 parum
1613 1159 1665 1224 de-

299 1269 391 1332 finiri
419 1275 532 1353 potest.
593 1270 743 1336 Phraates
771 1270 882 1336 Orodis
912 1271 934 1335 l.
965 1292 1020 1335 rex
1048 1271 1150 1334 factus
1174 1290 1249 1336 au.
1272 1291 1298 1333 c.
1323 1271 1385 1334 717
1416 1268 1497 1352 (Dio
1520 1267 1580 1342 49,
1602 1265 1664 1348 93)

299 1380 468 1457 superstes
492 1373 595 1440 adhue
618 1395 646 1440 a.
664 1375 728 1438 745
760 1373 846 1458 (vide
870 1373 910 1438 ad
935 1376 964 1450 6,
982 1375 1018 1458 3)
1048 1395 1112 1439 non
1140 1373 1187 1438 ita
1214 1372 1314 1438 multo
1341 1380 1413 1457 post
1434 1370 1560 1435 videtur
1581 1368 1666 1433 diem

299 1476 440 1554 obiisse,
475 1483 540 1542 tres
577 1477 692 1542 deinde
727 1478 782 1562 qui
816 1485 888 1562 post
922 1499 994 1544 eum
1025 1484 1179 1544 venerunt
1207 1497 1296 1560 reges
1328 1477 1517 1541 Phraataces
1548 1471 1665 1537 Orodes

300 1580 453 1646 Vonones
476 1581 522 1646 ita
545 1602 579 1646 se
602 1582 779 1667 excepisse,
809 1583 924 1666 utqui
946 1591 1124 1668 postremus
1148 1581 1209 1646 tuit
1231 1582 1375 1647 Vonones
1399 1580 1472 1644 vivo
1500 1578 1666 1642 etiamtum

298 1686 450 1766 Augusto
473 1705 603 1769 regnare
627 1686 780 1770 inceperit
803 1686 994 1770 etquidem,
1020 1686 1049 1750 si
1072 1693 1156 1752 recte
1179 1705 1275 1769 supra
1297 1682 1499 1759 coniecimus,
1529 1702 1556 1747 c.
1581 1703 1608 1745 a.
1632 1701 1664 1743 ιι.

301 1809 332 1854 c.
361 1788 435 1854 758.

418 1890 579 1956 Medorum
610 1913 661 1957 res
691 1913 746 1978 per
775 1894 857 1958 hanc
887 1899 1022 1959 aetatem
1053 1914 1167 1978 parum
1194 1892 1372 1957 illustratae
1401 1900 1476 1956 sunt
1508 1910 1566 1953 nec
1595 1895 1666 1952 acta

302 2015 453 2076 agemus,
482 1995 539 2059 nbi
569 2015 650 2080 quae
681 1997 719 2062 de
742 1996 783 2062 iia
813 1997 981 2063 traduntur
1008 1996 1066 2062 hcc
1095 1997 1162 2061 loco
1192 1995 1421 2078 collegerimus.
1468 1992 1666 2074 Intellegitur

304 2097 415 2162 Media
437 2099 630 2184 Atropatene
652 2100 734 2165 inter
757 2100 940 2166 Armeniam
965 2101 1216 2184 Parthorumque
1238 2119 1371 2181 regnum
1393 2098 1595 2182 interposita,
1626 2095 1665 2160 de

304 2223 375 2285 qua
403 2201 516 2268 Strabo
542 2203 699 2281 11,13,1
725 2205 837 2290 praa
865 2210 1034 2290 postquam
1062 2205 1204 2270 narravit
1232 2205 1405 2289 Atropaten
1435 2203 1516 2267 hanc
1543 2199 1666 2266 Mediae

303 2306 476 2370 universae
499 2306 694 2391 provinciam
725 2329 744 2372 a
766 2307 991 2374 Macedonibus
1019 2308 1200 2374 defendisse
1229 2314 1262 2373 et
1289 2328 1396 2390 regem
1421 2312 1587 2392 propterea
1614 2325 1667 2389 ap-

303 2408 464 2494 pullatum
486 2409 651 2494 proprium
672 2410 747 2474 inde
771 2431 903 2494 regnum
927 2412 1067 2476 effecisse
1091 2412 1248 2499 (βασιλεὺς
1271 2411 1483 2496 ἀναγορευθεὶς
1504 2410 1563 2494 ἰδία
1583 2407 1666 2472 συνέ-

303 2513 380 2584 ταξε
402 2511 474 2578 καθ’
495 2513 587 2596 αὑτὴν
611 2513 663 2596 τὴν
687 2516 790 2600 χώραν
813 2515 951 2600 ταύτην),
975 2515 1020 2580 ita
1042 2515 1160 2600 pergit:
1183 2517 1235 2579 καὶ
1254 2516 1273 2598 ἡ
1289 2515 1418 2599 διαδοχὴ
1434 2517 1563 2586 σώζεται
1579 2512 1668 2599 μέχρι

306 2622 360 2681 νῦν
386 2617 416 2688 ἐξ
440 2617 575 2696 ἐκείνου,
604 2615 678 2702 πρός
699 2642 732 2682 τε
756 2619 824 2689 τοὺς
845 2617 1004 2705 Ἀρμενίων
1030 2619 1173 2707 βασιλέας
1195 2618 1406 2704 ποιησαμένων
1430 2618 1587 2702 ἐπιγαμίας
1609 2622 1666 2681 τῶν
1720 2607 1729 2627 ‘

308 2722 431 2806 ὕστερον
455 2723 506 2785 καὶ
521 2720 625 2806 Σύρων
648 2723 700 2786 καὶ
723 2723 797 2806 μετὰ
820 2728 914 2787 ταῦτα
937 2722 1131 2808 Παρθυαίων.
1174 2725 1290 2790 Α.718
1315 2743 1386 2787 cnm
1401 2722 1560 2788 Antonius
1582 2741 1668 2786 exer-

308 2827 410 2892 citum
434 2825 564 2890 duceret
585 2826 618 2889 in
642 2825 775 2891 Parthos
799 2827 882 2908 socio
905 2827 1083 2891 Artavacde
1105 2848 1178 2910 rege
1193 2826 1426 2902 Armeniorum,
1450 2825 1591 2890 eiusdem
1614 2845 1668 2888 no-

309 2929 408 2994 minis
431 2928 596 2995 Medorum
619 2951 674 2995 rex
698 2931 858 2996 Armeniis
889 2931 1034 2996 infensus
1058 2931 1240 2996 societatem
1262 2930 1339 2996 fecit
1360 2951 1432 2994 cum
1454 2929 1580 2994 Parthis
1604 2929 1669 2992 bel·

307 3033 441 3117 lumque
465 3053 501 3099 eo
525 3054 606 3100 anno
629 3041 753 3117 gestum
776 3043 824 3101 est
839 3035 977 3101 maxime
992 3034 1027 3100 in
1043 3035 1114 3121 ipsa
1129 3037 1323 3119 Atropatene
1339 3033 1520 3118 (Drumann
1538 3036 1566 3110 1,
1577 3032 1667 3116 453).

308 3140 464 3221 Regresso
486 3139 562 3205 inde
583 3148 656 3225 post
677 3161 807 3223 magnas
831 3140 936 3206 clades
959 3140 1097 3205 Antonio
1120 3145 1275 3225 ruptoque
1297 3160 1345 3216 re,
1373 3158 1435 3202 non
1458 3138 1586 3203 nomine
1607 3138 1669 3201 foe·

308 3242 384 3307 dere
400 3263 472 3309 oum
486 3244 656 3321 Armeniis,
681 3245 737 3327 qui
752 3245 909 3311 Romanos
925 3244 1026 3310 socios
1042 3243 1258 3329 prodidissent
1274 3249 1306 3309 et
1321 3243 1546 3319 deseruissent,
1569 3244 1623 3306 al
1630 3244 1669 3307 19

308 3346 476 3411 Medorum
498 3369 553 3413 rex
574 3348 703 3413 Phraati
725 3355 853 3433 propter
875 3349 1028 3414 iniustam
1051 3348 1186 3433 praedae
1210 3348 1400 3413 divisionem
1420 3368 1609 3411 succensens
1631 3346 1669 3411 ti-

310 3470 467 3535 mensque
491 3457 662 3537 praeterea,
686 3472 726 3515 ne
749 3472 844 3535 regno
868 3452 907 3517 ab
932 3472 967 3516 ec
991 3452 1178 3537 privaretur,
1203 3452 1242 3516 ad
1265 3452 1396 3517 Antonii
1417 3456 1523 3535 partes
1544 3450 1672 3515 transiit

308 3553 493 3633 (Plutarch.
517 3556 592 3622 Ant.
617 3556 669 3619 52.
700 3556 760 3621 Dio
782 3558 836 3632 49,
854 3556 917 3639 33)
942 3563 974 3622 et
997 3556 1117 3622 bellum
1141 3556 1282 3641 suscepit
1304 3563 1413 3621 contra
1434 3555 1566 3619 Parthos
1590 3555 1670 3639 (Dio

308 3659 371 3733 49,
390 3658 465 3741 44).
514 3658 672 3725 Antonius
708 3668 815 3725 autem
843 3659 1053 3745 proditionem
1068 3662 1073 3669 '
1090 3659 1179 3723 illam
1210 3659 1433 3724 Armeniorum
1460 3659 1586 3723 ulturus
1614 3662 1671 3723 Ar-

309 3768 422 3826 taxata
454 3762 613 3845 profeotus
649 3784 676 3827 a.
701 3765 765 3827 720
794 3763 876 3846 regis
905 3764 1006 3847 ipsius
1036 3764 1141 3847 specie
1171 3762 1330 3828 amicitiae
1357 3763 1390 3827 in
1420 3768 1524 3825 castra
1551 3764 1672 3826 evocati

308 3864 433 3951 potitus
458 3871 516 3942 est,
548 3885 642 3949 quem
670 3873 780 3951 postea
807 3867 840 3931 in
864 3868 1007 3951 Aegypto
1031 3866 1198 3943 interiecit,
1229 3886 1424 3948 regnumque
1447 3865 1580 3930 tradidit
1606 3866 1672 3929 filio

310 3988 371 4031 suo
397 3988 435 4031 ex
459 3968 626 4053 Cleopatra
648 3970 838 4048 Alexandro,
862 3971 913 4034 oui
937 3970 1101 4036 Medorum
1125 3970 1208 4053 regis
1231 3970 1298 4035 filia
1314 3972 1421 4054 lotape
1445 3970 1602 4055 desponsa
1624 3977 1673 4033 est

310 4071 389 4156 (Dio
412 4073 465 4148 49,
482 4074 540 4152 44;
565 4094 662 4157 supra
683 4095 714 4158 p.
727 4074 795 4157 81).
838 4072 956 4138 Eodem
980 4080 1120 4159 tempore
1144 4073 1370 4138 adiuvantibus
1394 4074 1462 4137 sine
1486 4073 1583 4139 dubio
1606 4075 1671 4139 An·

309 4175 399 4239 tonio
429 4181 461 4239 et
483 4176 658 4241 Artavasde
682 4177 773 4242 Medo
801 4178 834 4243 in
862 4177 987 4242 Parthis
1019 4179 1132 4244 seditio
1161 4184 1230 4243 orta
1258 4184 1307 4243 est
1335 4178 1501 4262 coepitque
1522 4178 1569 4243 ibi
1592 4178 1672 4241 Tiri-

309 4279 402 4345 dates
426 4279 465 4342 de
488 4299 584 4362 regno
607 4287 725 4345 certare
749 4302 819 4347 cum
836 4282 980 4347 Phraate.
1005 4283 1149 4347 Armenii
1172 4303 1245 4348 vero
1267 4283 1350 4365 regis
1364 4284 1554 4349 Artavasdis
1569 4282 1670 4347 filium

309 4390 391 4448 natu
412 4384 588 4449 maximum
602 4385 767 4450 Artaxiam
789 4406 894 4468 regem
918 4394 1103 4451 creaverunt
1126 4394 1157 4451 et
1179 4387 1219 4451 ad
1234 4387 1422 4452 Parthorum
1438 4388 1621 4451 societatem
1638 4407 1671 4450 se

310 4487 552 4553 transtulerunt.
592 4487 692 4551 Medis
715 4487 829 4553 deinde
852 4511 924 4555 cum
947 4490 1085 4574 primum
1107 4512 1158 4555 res
1181 4512 1329 4577 prospere
1346 4491 1493 4556 cessisset
1506 4499 1596 4576 parte
1613 4491 1672 4554 Ar-

310 4590 438 4655 meniae
454 4598 614 4675 occupata,
639 4612 710 4656 cum
725 4592 802 4657 item
818 4593 976 4659 Tiridates
993 4595 1169 4678 expulisset
1184 4596 1401 4661 adversarium
1416 4596 1583 4670 Phraaten,
1601 4613 1674 4658 mox

311 4684 425 4758 ruente
448 4695 579 4760 Antonii
601 4695 743 4780 potentia
764 4696 798 4759 hi
821 4716 946 4780 quoque
970 4697 1046 4761 socii
1070 4698 1138 4761 eius
1161 4698 1239 4763 victi
1261 4707 1336 4763 sunt
1358 4705 1390 4763 et
1410 4698 1562 4763 Phraates
1585 4697 1673 4761 adiu-

312 4797 465 4863 vantibus
489 4797 625 4882 Scythis,
648 4798 723 4863 item
746 4800 895 4863 Artaxias
916 4800 1056 4865 restituti
1077 4801 1111 4864 in
1134 4822 1231 4883 regna
1252 4809 1393 4887 paterna,
1417 4802 1523 4866 Media
1546 4822 1617 4866 vero
1640 4801 1674 4865 in

314 4907 502 4986 potestatem
531 4902 670 4966 hostium
697 4902 785 4967 venit
813 4909 845 4968 et
870 4904 939 4989 ipse
963 4924 1018 4968 rex
1045 4912 1156 4989 captus
1182 4912 1230 4969 est
1257 4905 1333 4988 (Dio
1349 4908 1408 4983 49,
1429 4909 1481 4970 44.
1513 4906 1672 4970 Plutarch.

315 5008 392 5069 Ant.
409 5006 477 5089 53).
513 5006 579 5082 Quo
602 5006 684 5069 lacto
706 5010 738 5068 et
753 5004 911 5071 Tiridates
935 5008 1074 5090 confugit
1097 5008 1138 5071 ad
1162 5009 1328 5073 Caesarem
1352 5032 1379 5075 a.
1394 5013 1458 5075 724
1474 5017 1505 5075 et
1520 5010 1673 5074 liberatus

314 5110 423 5173 nescio
448 5130 509 5193 quo
533 5117 622 5195 pacto
648 5123 686 5173 ex
710 5111 891 5193 captivitate
915 5111 972 5177 illa
986 5113 1181 5179 Artavasdes
1196 5114 1308 5179 Medus
1332 5114 1372 5178 ad
1397 5114 1532 5180 eundem
1553 5136 1587 5178 se
1603 5134 1673 5176 con-
