4400 6175
510 697 551 761 68
833 651 836 659 Δ
1121 697 1255 762 ν,ι-ο

513 869 686 954 Αὔγουστος
708 872 759 934 καὶ
782 871 953 956 ἀνδριάντας
975 869 1054 938 τινὰς
1076 871 1185 934 ἑαυτοῦ
1208 873 1352 958 ἀργυροῦς
1374 871 1448 958 πρός
1470 897 1502 936 τε
1525 875 1583 935 τῶν
1607 873 1701 958 ptiar
1724 877 1775 939 καὶ
1796 877 1871 961 πρδς

509 977 612 1060 δήμων
636 978 721 1039 τινῶν
746 973 906 1058 γεγονότας
929 973 961 1042 ἐς
983 973 1113 1060 νόμισμα
1135 974 1284 1061 κατέκοψε
1306 979 1359 1058 (cf.
1379 977 1430 1051 52,
1444 977 1496 1039 35.
1515 978 1566 1052 54,
1580 978 1646 1057 35).
1689 979 1770 1042 Plin.
1787 978 1819 1044 h.
1835 1001 1869 1045 n.

510 1079 561 1156 33,
582 1081 631 1155 12,
651 1081 727 1142 151:
753 1082 880 1159 arpenti
902 1099 990 1142 usum
1014 1081 1047 1139 iu
1069 1087 1196 1143 statuas
1216 1083 1350 1162 primum
1369 1083 1434 1143 dioi
1453 1082 1587 1163 depasti
1604 1092 1776 1166 temporam
1791 1085 1871 1147 adu-

509 1188 627 1249 latione
651 1191 810 1248 transisse
831 1185 919 1266 falso
943 1186 1155 1247 coistimatur.

1046 1575 1201 1641 OAPVT
1224 1575 1331 1642 XXV

580 1709 645 1754 rar.
659 1692 718 1771 5,1
753 1689 847 1753 Mare
871 1687 986 1773 pecavi
1010 1711 1029 1752 a
1051 1688 1282 1774 praedonibus.
1320 1687 1371 1752 Eo
1394 1687 1480 1752 bello
1504 1710 1681 1771 servorum,
1704 1689 1760 1772 qui
1774 1689 1873 1775 fuge-

708 1821 723 1864 ν
755 1809 829 1865 rant
851 1823 869 1864 a
892 1799 1030 1864 dominis
1048 1806 1054 1872 Ι
1070 1800 1138 1864 suis
1154 1810 1187 1864 et
1201 1824 1293 1864 arma
1308 1807 1421 1863 contra
1435 1823 1504 1862 rem
1520 1799 1685 1884 publicam
1701 1810 1870 1885 ceperant,

708 1933 721 1976 a
755 1912 888 1998 triginta
910 1912 977 1976 lare
1000 1911 1100 1976 millia
1123 1920 1219 1996 capta
1242 1929 1247 1991 ι
1272 1909 1411 1974 dominis
1441 1910 1482 1973 ed
1511 1911 1708 1996 supplicium
1738 1935 1872 1977 sumen-

756 2023 833 2087 dum
856 2021 986 2086 tradidi.
1011 2040 1023 2089 t

520 2157 565 2201 aa.
581 2137 632 2219 13,
648 2154 720 2200 1415
755 2133 933 2218 Θάλασσ[αν]
955 2133 1224 2220 πειραῆευομένην
1250 2137 1306 2198 ὑπὸ
1328 2136 1500 2197 ἀποστατῶν
1526 2134 1648 2201 δοόλλων
1670 2134 1871 2219 [εἰρήν]ευσα·

692 2265 720 2310 16
756 2246 785 2316 ἐξ
803 2247 843 2308 ὧν
860 2251 938 2329 τρεῖς
952 2268 1008 2308 που
1027 2247 1172 2331 μυριάδας
1187 2251 1247 2314 τοῖς
1260 2253 1265 2315 Ι
1278 2246 1452 2331 δε[σπόταις]
1468 2245 1510 2314 εἰς
1525 2244 1646 2308 κόλασιν
1663 2246 1836 2330 παρέδωκα.
1852 2263 1871 2312 ς

506 2361 665 2424 Pertinere
690 2359 765 2422 haec
790 2357 829 2420 ad
855 2357 975 2421 bellum
995 2378 1067 2422 cum
1090 2356 1162 2420 Sex.
1179 2357 1327 2441 Pompeio
1350 2363 1473 2440 gestum
1495 2356 1653 2421 intellexit
1670 2358 1870 2422 Chishullus.

504 2465 550 2528 Of.
573 2465 656 2528 infra
680 2465 709 2539 5,
727 2463 778 2526 33.
797 2461 854 2525 34:
885 2464 1029 2526 Siciliam
1052 2471 1082 2524 ct
1106 2463 1289 2524 Sardiniam
1320 2473 1493 2544 occupatas
1524 2464 1605 2525 bello
1629 2465 1749 2526 seruili.
1792 2461 1870 2525 Vel-

503 2568 584 2632 leius
609 2569 638 2643 ⁶2,
655 2567 712 2629 73:
736 2564 1021 2650 (Sex.Pompeius)
1047 2574 1202 2647 occupata
1218 2569 1334 2629 Sicilia
1357 2569 1494 2630 seruitia
1515 2568 1731 2648 tupitioosque
1753 2569 1786 2631 ia
1809 2589 1873 2630 aa·

502 2693 618 2735 marusa
640 2673 799 2734 eacrcitus
823 2673 875 2732 sui
898 2672 1058 2752 recipiens
1082 2691 1227 2751 mapouot
1249 2674 1371 2734 modum
1395 2665 1551 2751 lapiouirm
1573 2671 1721 2753 effecerat
1747 2691 1874 2752 perque

504 2777 625 2839 Mcaam
655 2783 685 2838 ct
715 2775 913 2837 Menecraten
939 2783 1095 2854 paternos
1127 2776 1259 2838 libertos
1289 2778 1473 2856 praefectos
1504 2779 1653 2839 classium
1684 2778 1870 2839 latrociniis

502 2880 827 2962 depraedationibus
852 2879 1005 2960 infestato
1029 2881 1111 2942 mari
1135 2882 1179 2942 od
1200 2899 1235 2942 se
1259 2881 1490 2961 exercitumque
1515 2881 1659 2943 tuendum
1681 2889 1776 2961 rapto
1798 2888 1871 2942 uta-

502 2985 611 3060 batur,
644 3005 710 3047 cum
742 3003 809 3045 eum
836 3002 899 3046 aaa
935 2985 1105 3064 deperierat
1134 2986 1329 3047 vindicatum
1358 2988 1457 3049 armis
1488 3005 1527 3048 ac
1555 2989 1648 3049 ductu
1675 2989 1783 3067 patris
1813 2988 1870 3049 sai

500 3109 586 3153 marc
609 3089 764 3169 infestare
784 3090 935 3169 piraticis
958 3089 1141 3152 sceleribus.
1181 3088 1328 3153 Lucanus
1345 3090 1374 3164 6,
1388 3088 1469 3152 422:
1496 3090 1620 3153 Siculus
1634 3095 1756 3172 pirata.
1795 3088 1870 3153 Fla

500 3213 555 3256 rus
579 3192 610 3267 2,
630 3192 684 3255 18:
709 3192 763 3253 illc
788 3192 863 3267 (Cn.
887 3191 1056 3276 Pompeius
1080 3194 1189 3277 peter)
1217 3193 1336 3256 Cilicas
1360 3197 1558 3271 satiauerat,
1589 3198 1640 3259 laic
1662 3194 1750 3275 (Sex.
1773 3194 1870 3259 Pom·

500 3296 606 3381 peius)
630 3316 664 3358 sa
685 3297 830 3376 piratica
854 3297 1010 3358 tuebatur.
1062 3296 1230 3381 Appianas
1254 3298 1284 3372 5,
1302 3299 1354 3360 77.
1372 3300 1414 3363 80
1443 3298 1532 3363 addit
1560 3298 1680 3383 piratas
1710 3296 1870 3381 quosdam

501 3399 669 3463 aansare
692 3402 799 3482 captos
823 3398 1006 3480 quaestione
1029 3398 1140 3463 habita
1162 3400 1321 3464 confessos
1345 3422 1414 3466 esse
1438 3402 1476 3465 de
1493 3402 1641 3487 Pompeio
1658 3401 1869 3467 consiliorum

501 3523 630 3570 suorum
655 3502 873 3583 scelerumque
898 3507 1023 3565 auctore
1046 3500 1143 3585 idque
1167 3503 1331 3568 Caesarem
1357 3505 1458 3569 edicto
1481 3505 1598 3589 populo
1625 3506 1868 3587 significavisse.

501 3606 615 3701 Copias
647 3602 721 3671 Ser.
745 3604 887 3688 Pompeii
917 3605 1086 3690 praecipue
1115 3607 1250 3670 crevisse
1280 3608 1380 3671 servis
1404 3630 1441 3672 ex
1464 3609 1558 3673 ltalia
1585 3608 1727 3691 fugitivis
1756 3616 1868 3673 narrat

501 3708 560 3773 llio
584 3710 708 3786 48,19,
739 3707 874 3772 addens:
910 3712 1044 3771 τοσοῦτοι
1074 3710 1111 3793 δὴ
1141 3708 1347 3794 ηὐτομόλουν,
1384 3712 1462 3775 ὥστε
1490 3714 1541 3775 καὶ
1569 3712 1621 3781 τὰς
1648 3712 1868 3797 ἀειπαρδὲνοος

495 3814 566 3877 παιδ’
583 3814 673 3899 ’ἱερῶν
698 3811 840 3882 εὔξασθαι
865 3811 1061 3897 ἐπισχεθῆναι
1084 3817 1169 3899 σφῶν
1196 3813 1248 3881 τὰς
1278 3813 1457 3900 αὐτομολίας
1485 3818 1544 3895 (af.
1569 3816 1651 3883 Plin.
1676 3818 1775 3894 aaa,
1796 3816 1865 3896 13).

498 3916 591 3982 Unde
603 3938 684 4001 puae
700 3915 874 3983 Misenensi
890 3894 990 3978 sirvis
1009 3914 1059 3979 his
1076 3915 1244 4000 Pompeius
1260 3916 1441 3982 libertatem
1457 3919 1627 4004 stipulatus
1644 3926 1692 3984 est
1707 3920 1863 4004 (Appian.

446 4020 448 4025 ’
500 4022 574 4085 b.-c.
590 4022 692 4099 3,’72;
716 4020 882 4085 Ιλιιιαιοαιι
901 4022 928 4095 l,
943 4020 1033 4103 430).
1073 4020 1204 4084 Devicta
1228 4028 1335 4085 autem
1356 4045 1383 4087 a.
1396 4002 1428 4086 u.
1446 4026 1509 4089 718
1527 4024 1598 4089 Sex.
1615 4025 1766 4109 Pompeio
1788 4046 1865 4090 cum

499 4124 655 4187 exercitas
676 4124 747 4186 eius
766 4123 897 4187 Caesari
926 4144 960 4187 se
988 4124 1188 4202 tradidisset,
1221 4126 1336 4189 Caesar
1365 4128 1472 4192 missis
1499 4150 1556 4213 per
1584 4136 1687 4193 castra
1713 4129 1863 4214 epistulis

500 4226 674 4309 obsignatis
697 4226 808 4291 eadem
831 4227 882 4291 die
906 4228 1085 4311 aperiendis
1109 4230 1258 4311 fugitivos
1282 4251 1390 4297 omnes
1415 4233 1638 4317 comprehendi
1659 4234 1754 4299 iussit
1774 4236 1863 4299 etin

496 4330 609 4397 urbem
633 4328 762 4404 adduci,
791 4330 848 4395 ubi
876 4329 1008 4411 triginta
1038 4332 1129 4396 milia
1158 4352 1267 4397 eorum
1296 4340 1482 4411 (numerum
1510 4337 1607 4401 habet
1627 4343 1752 4421 praeter
1773 4359 1861 4402 mou.
1976 4364 1980 4376 ¹

497 4434 613 4515 Ancyr.
631 4431 774 4513 Orosius)
798 4431 934 4495 dominis
959 4452 1106 4499 eorumve
1129 4436 1364 4501 successoribus
1388 4438 1422 4501 in
1437 4438 1531 4505 ltalia
1546 4439 1695 4504 Siciliane
1711 4442 1862 4507 restituta

499 4540 582 4611 sunt,
607 4534 723 4619 reliqui
747 4534 786 4597 ad
811 4554 866 4600 sex
888 4534 979 4605 milia
1002 4536 1057 4619 qui
1081 4538 1180 4619 agniti
1203 4558 1265 4601 non
1289 4547 1395 4603 essent
1418 4541 1456 4604 ad
1481 4563 1575 4606 suum
1597 4543 1732 4628 quisque
1755 4565 1771 4607 e
1795 4566 1861 4629 quo

493 4638 661 4719 aufugerat
689 4638 841 4727 oppidum
870 4639 903 4707 in
934 4662 1058 4711 crucem
1087 4644 1151 4705 acti
1182 4644 1339 4728 (Appian.
1367 4646 1396 4710 b.
1420 4667 1446 4708 a.
1472 4648 1501 4722 5,
1529 4648 1604 4728 1313
1637 4648 1724 4714 Oros.
1749 4652 1857 4731 6,18;

496 4741 555 4811 Dio
579 4743 631 4818 49,
652 4743 723 4825 12).
1845 4763 1849 4771 ¹
