4400 6175
811 681 964 736 rlrvuvs
983 682 1200 736 'l'lBVll'l'lNVS
1619 683 1681 748 125

317 876 396 920 cum
416 853 558 920 Herodes
587 852 757 918 excesserit
784 873 813 917 a.
831 855 895 918 750
924 875 996 920 vars
1025 854 1148 936 (ldeler
1171 855 1316 920 Chronol.
1334 857 1369 934 2,
1387 857 1483 936 390).
1535 857 1579 920 At
1605 856 1681 920 inde

315 958 452 1022 minime
476 957 620 1041 sequitur
643 957 692 1022 bis
716 977 843 1022 censam
866 978 936 1022 esse
959 957 1110 1022 Iudaeam
1131 977 1151 1021 a
1172 958 1315 1036 Quirinio
1338 966 1371 1024 51
1391 958 1529 1044 primum
1552 959 1681 1043 quidem

314 1081 352 1125 5ο
377 1067 534 1145 tempore,
564 1079 626 1143 quo
649 1081 668 1124 a
690 1059 841 1124 Romanis
866 1061 956 1125 nullo
980 1060 1073 1125 modo
1097 1061 1218 1126 censeri
1241 1061 1347 1145 potuit
1369 1081 1513 1145 quaeque
1537 1063 1606 1126 eius
1630 1083 1680 1146 ge-

313 1165 403 1229 neris
428 1164 492 1228 alia
520 1163 664 1228 homines
687 1163 823 1246 theologi
846 1163 897 1228 vel
926 1185 989 1228 nou
1012 1164 1167 1247 theologi,
1199 1165 1255 1228 sed
1278 1165 1317 1228 ad
1341 1165 1443 1229 instar
1465 1165 1680 1248 theologorum

314 1287 355 1330 cx
380 1266 519 1330 vinculis
543 1266 798 1343 sermocinantes,
830 1266 904 1330 inde
933 1266 1016 1330 ellici
1039 1287 1133 1352 posse
1156 1267 1220 1331 sibi
1241 1267 1390 1352 primum,
1420 1287 1495 1331 mox
1517 1267 1590 1332 aliis
1610 1287 1680 1352 per·

312 1377 496 1448 suaserunt,
521 1369 577 1435 sed
600 1369 659 1434 hoc
681 1369 826 1454 sequitur
848 1369 967 1434 hucam
988 1370 1023 1434 15
1037 1390 1145 1434 rerum
1158 1369 1313 1435 memoria
1327 1368 1481 1435 tradenda
1495 1390 1570 1435 vera
1585 1369 1678 1434 falsis

312 1473 496 1538 miscuisse.
547 1472 657 1558 Neque
686 1469 719 1539 id
747 1493 810 1538 non
832 1473 972 1560 pervidit
993 1475 1085 1540 homo
1115 1495 1180 1540 non
1201 1474 1291 1540 rudis
1313 1479 1346 1540 et
1368 1476 1447 1539 satis
1469 1480 1581 1540 acutus
1604 1475 1680 1540 Ter·

311 1578 488 1656 tullianus;
516 1596 592 1642 nam
621 1588 657 1642 ut
686 1577 842 1642 contraria
869 1577 927 1642 illa
956 1577 1089 1644 evitaret
1117 1579 1250 1642 fortasse
1276 1577 1400 1643 obiecta
1423 1577 1611 1643 Christianis
1637 1579 1678 1642 ab

312 1681 425 1766 aliquo
450 1701 559 1746 eorum
581 1679 778 1758 adversario,
809 1681 989 1760 Quirinium
1011 1682 1149 1748 missum
1172 1682 1250 1747 fecit
1271 1701 1448 1766 censusque
1470 1681 1545 1746 illos
1567 1680 1679 1745 scribit

313 1796 409 1850 actor
438 1785 666 1866 5555595515
694 1787 728 1848 15
751 1786 873 1850 Iudaea
891 1806 953 1868 par
976 1787 1116 1850 Sentium
1139 1787 1344 1851 Salaminam
1371 1783 1463 1871 (adv.
1486 1785 1678 1849 Marcionem

312 1891 344 1966 4,
360 1889 430 1973 19),
448 1887 570 1952 scilicet
585 1888 641 1971 qui
655 1887 828 1974 praefuerit
843 1887 952 1972 Syriae
968 1889 1040 1954 vivo
1054 1890 1190 1956 Herode.
1203 1926 1245 1936 —
1261 1889 1347 1954 Haec
1363 1909 1445 1973 quae
1460 1888 1677 1954 enarravimus

313 2015 389 2058 cum
419 1991 459 2056 dc
482 1991 624 2070 Quirinio
647 1991 729 2056 nihil
752 1991 884 2057 doceant
906 1992 1035 2058 aliunde
1057 2014 1121 2059 non
1144 1993 1321 2076 cognitum,
1351 1999 1459 2058 tamen
1478 1992 1582 2058 Lucae
1605 2012 1676 2056 nar-

312 2098 396 2162 ratio
420 2095 484 2160 alio
505 2095 632 2160 nomine
661 2095 794 2160 sortasse
816 2096 856 2162 ad
879 2103 1020 2162 nostram
1049 2117 1117 2162 rem
1140 2097 1217 2162 facit
1238 2097 1438 2182 prioremque
1461 2095 1571 2180 Syriae
1592 2095 1676 2178 lega·

313 2202 435 2266 tionem
457 2198 592 2276 Quirinii
623 2197 853 2282 quodammodo
883 2205 915 2264 51
936 2200 1009 2284 ipsa
1030 2201 1205 2264 confirmat.
1256 2199 1338 2264 Nam
1360 2200 1463 2284 pergit
1484 2199 1586 2264 Lucas
1599 2198 1629 2276 3,
1645 2202 1673 2262 1.

314 2305 355 2368 23
380 2303 488 2368 Iesum
511 2301 652 2386 coepisse
675 2301 802 2386 publice
831 2303 971 2386 profiteri
999 2323 1081 2368 anno
1105 2302 1227 2368 decimo
1251 2303 1363 2387 quinto
1386 2301 1509 2368 'liberii
1532 2302 1675 2366 Caesaris

314 2427 415 2472 annos
437 2412 549 2472 natum
571 2406 695 2471 circiter
710 2406 853 2490 triginta;
878 2406 962 2471 unde
978 2406 1196 2473 Tertullianus
1213 2407 1300 2492 (adv.
1315 2407 1449 2472 Iudaeos
1465 2427 1491 2470 c.
1505 2405 1540 2490 8)
1557 2404 1675 2489 aliique

302 2510 439 2594 ¹antiqui
464 2515 571 2594 patres
601 2508 778 2596 complures
808 2511 978 2576 effecerunt
1001 2511 1163 2577 Christum
1192 2518 1304 2576 natum
1330 2531 1400 2575 esse
1427 2529 1509 2574 auno
1537 2509 1676 2591 Augusti

314 2612 554 2698 quadragesimo
576 2613 678 2698 primo
702 2614 753 2678 vel
776 2613 1016 2698 quadragesimo
1041 2615 1181 2680 secundo
1204 2615 1271 2681 sive
1294 2636 1323 2680 a
1338 2637 1370 2680 ra
1387 2635 1414 2682 c.
1431 2609 1534 2692 75112
1556 2611 1675 2697 (ldeler
1805 2669 1815 2687 ,

313 2715 459 2783 Chronol.
479 2719 507 2794 1,
525 2717 614 2802 385).
660 2717 762 2782 Lucas
786 2738 863 2782 num
886 2718 932 2782 ita
954 2725 986 2783 et
1008 2719 1077 2804 ipse
1100 2720 1291 2805 computarit
1319 2725 1351 2784 et
1371 2719 1430 2784 hoc
1453 2716 1583 2802 quidem
1605 2717 1673 2781 loco

309 2822 347 2886 de
365 2819 511 2898 Quirinio
536 2819 690 2903 cogitarit,
716 2820 857 2885 dubitari
879 2827 994 2907 potest,
1017 2842 1093 2886 nam
1117 2823 1156 2886 de
1179 2827 1281 2888 aetate
1303 2841 1366 2886 non
1389 2826 1533 2886 accurate
1556 2841 1590 2885 se
1611 2826 1674 2885 tra·

308 2925 382 2990 dere
405 2924 476 3008 ipse
498 2921 619 2988 indicat
642 2923 729 3008 (dccl
753 2923 826 2987 ἐτῶν
850 2925 1031 3010 τριάκοντα),
1062 2945 1166 3010 neque
1188 2946 1261 2989 eum
1284 2924 1348 2989 sibi
1371 2928 1514 2988 constare
1536 2922 1570 2986 in
1593 2929 1672 2988 tem-

307 3048 423 3115 porum
446 3026 568 3093 ratione
590 3028 682 3093 modo
705 3027 854 3094 vidimus.
908 3028 971 3095 Sed
994 3033 1101 3095 155555
1132 3049 1205 3095 cum
1232 3049 1330 3116 supra
1352 3026 1672 3093 demonstraverimus

307 3132 412 3199 videri
429 3130 610 3209 Quirinium
632 3152 689 3217 per
713 3152 741 3195 a.
758 3134 832 3197 751.
848 3133 912 3197 752
934 3133 1074 3219 primum
1096 3134 1273 3219 praefuisse
1288 3132 1408 3218 Syriae,
1433 3131 1507 3197 huic
1531 3131 1673 3217 opinioni

308 3257 345 3301 ex
378 3237 450 3321 ipso
473 3236 559 3301 Luca
586 3234 784 3321 aliquantum
812 3236 1048 3321 probabilitatis
1079 3238 1210 3304 accedit.
1261 3238 1344 3304 Nam
1365 3238 1466 3303 Lucas
1489 3256 1561 3301 cum
1584 3236 1672 3301 Chri-

305 3346 394 3405 stum
417 3344 529 3405 natum
552 3340 664 3405 statuit
695 3341 849 3405 55751
873 3342 1015 3419 Quirinio
1040 3332 1166 3426 syriam
1189 3343 1447 3420 administrante,
1479 3360 1543 3406 non
1565 3340 1673 3424 posuit

304 3444 372 3509 nisi
395 3441 577 3528 probabilia
597 3448 638 3521 et,
668 3448 889 3528 praeterquam
912 3444 996 3528 quod
1019 3445 1178 3511 Herodem
1203 3445 1288 3511 male
1315 3446 1437 3524 ascivit,
1466 3465 1503 3511 eo
1528 3442 1595 3509 solo
1617 3464 1672 3509 no-

302 3550 394 3615 mine
418 3548 549 3626 erravit,
581 3547 666 3631 quod
688 3568 819 3614 censum
848 3570 887 3613 ox
911 3549 1047 3626 Quirinii
1075 3550 1348 3617 administratione
1376 3548 1548 3635 posteriore
1569 3554 1671 3613 trans·

306 3650 388 3717 tulit
410 3651 444 3716 15
466 3651 613 3737 priorem.

316 3764 318 3769 '
397 3754 451 3821 IV.
495 3754 589 3819 Diem
625 3754 705 3820 obiit
738 3755 899 3833 Quirinius
935 3760 1016 3820 teste
1045 3754 1156 3819 Tacito
1190 3756 1284 3838 (ann.
1309 3756 1347 3831 3,
1370 3755 1435 3839 48)
1471 3753 1669 3837 grandaevus

305 3880 332 3925 a.
354 3880 388 3927 u.
402 3861 464 3925 771
490 3858 558 3923 sive
580 3879 612 3944 p.
630 3860 701 3925 Chr.
719 3862 758 3925 21
784 3860 892 3943 itaque
915 3861 1059 3943 Augusto
1083 3859 1270 3944 supervixit.

420 3965 617 4049 Quapropter
640 3970 788 4048 quattuor
811 3963 878 4027 illis
893 3964 981 4029 tituli
996 3963 1171 4029 Tusculani
1185 3961 1313 4028 indiciis
1337 3982 1410 4027 cum
1426 3959 1543 4045 reliqui
1558 3957 1668 4044 Syriae

303 4066 406 4150 legati
436 4067 491 4151 qui
515 4065 644 4151 quidem
666 4068 733 4133 noti
761 4067 825 4132 sint
855 4066 1063 4133 excludantur
1086 4087 1212 4144 omnes,
1242 4067 1281 4131 de
1304 4064 1370 4132 solo
1394 4071 1501 4131 autem
1525 4063 1668 4142 Quirinio

300 4190 370 4236 non
392 4170 486 4235 modo
507 4169 591 4233 nihil
613 4168 765 4247 tradatur,
791 4169 963 4255 quodcum
985 4170 1079 4235 titulo
1095 4170 1277 4235 Tusculano
1297 4189 1360 4234 non
1376 4175 1458 4235 recte
1473 4167 1667 4245 concilietur,

303 4272 365 4340 sed
390 4273 488 4337 etiam
511 4273 699 4338 conveniant
720 4272 755 4337 in
779 4294 851 4339 cum
868 4272 947 4360 ipsis
964 4273 1155 4339 adversariis
1169 4274 1343 4339 fatentibus
1360 4278 1544 4339 ornamenta
1557 4271 1667 4337 trium·

301 4375 426 4461 phalia,
456 4395 541 4441 mors
564 4381 636 4461 post
658 4375 848 4459 Augustum,
878 4374 1014 4461 denique
1037 4375 1123 4460 quod
1144 4376 1320 4442 maximum
1348 4382 1397 4441 est
1420 4376 1530 4460 Syriae
1552 4373 1667 4457 legatio

301 4480 436 4565 duplex,
461 4500 542 4562 quae
565 4484 689 4564 praeter
710 4479 795 4545 hunc
818 4479 874 4545 alii
889 4479 972 4546 nulli
987 4481 1053 4545 ullo
1069 4486 1209 4565 tempore
1225 4480 1352 4545 videtur
1368 4479 1528 4562 obtigisse,
1552 4478 1666 4545 'libur-

299 4584 409 4649 tinum
423 4583 634 4666 fragmentum
658 4582 866 4668 probabiliter
888 4583 934 4648 sic
961 4584 1264 4667 redintegrabimus,
1295 4584 1396 4670 patris
1419 4583 1556 4661 Quirinii
1576 4602 1665 4668 prae

301 4687 432 4753 nomine
456 4687 575 4752 adscito
599 4708 637 4752 ex
661 4687 751 4752 lastis
774 4687 886 4754 Diouis
913 4689 1055 4769 ((11.1.
1079 4690 1094 4753 I
1117 4709 1148 4773 p.
1162 4689 1261 4773 547)ε
