4400 6175
577 703 618 768 78
1166 705 1199 767 V,
1211 704 1332 758 24-31

576 878 651 963 (Dio
675 879 763 954 55,9
794 877 861 942 loco
890 875 1067 961 supplendo
1097 897 1136 940 ex
1166 877 1326 960 Ζοαοῐα),
1361 877 1419 959 qui
1446 876 1595 943 ridentur
1622 895 1693 942 osse
1722 877 1868 960 Tigranes
1892 886 1920 942 ot

575 982 670 1046 Erato
692 982 804 1046 iratres
827 988 859 1046 ot
881 980 1028 1061 coniuges
1044 979 1154 1063 paullo
1168 985 1240 1063 post
1258 999 1278 1044 a
1293 979 1419 1046 Parthis
1434 979 1567 1057 reducti,
1590 981 1920 1064 Artavasdoaquidam

576 1087 616 1149 ab
640 1088 783 1168 Augusto
805 1104 935 1166 regnare
958 1083 1064 1148 iussus
1087 1093 1138 1147 est
1160 1083 1251 1167 (Tac.
1275 1083 1297 1148 l.
1321 1085 1366 1169 c.)
1389 1090 1553 1168 praeterea
1575 1084 1669 1169 plane
1691 1085 1827 1168 ignotus.
1861 1085 1921 1150 lloc

576 1209 701 1272 quoquc
724 1188 845 1252 deiecto
867 1207 931 1254 non
954 1187 1023 1250 aine
1046 1186 1136 1252 clade
1158 1187 1371 1254 Romanorum
1394 1189 1492 1272 (quae
1514 1188 1864 1265 conscribentem,
1886 1190 1922 1253 ob

576 1312 672 1375 quam
694 1293 856 1374 Augustus
880 1312 953 1354 eum
974 1290 1139 1374 praeteriit
1160 1290 1193 1353 in
1218 1291 1463 1375 commentario)
1486 1291 1711 1376 Armeniisque
1738 1313 1758 1356 a
1784 1292 1920 1357 societate

576 1417 684 1462 eorum
707 1397 747 1460 ad
764 1395 896 1460 Parthos
920 1394 1139 1459 deficientibus
1164 1394 1253 1478 (Tac.
1270 1395 1349 1472 l.c.;
1371 1395 1499 1480 Tolli,
1513 1397 1589 1474 16ος
1614 1396 1674 1462 Dio
1689 1397 1742 1473 55,
1755 1398 1802 1481 9),
1824 1395 1921 1478 Tigra-

575 1521 632 1564 nes
655 1508 686 1564 et
702 1501 796 1566 Erato
818 1502 931 1564 fratres
955 1505 987 1562 et
1009 1498 1169 1582 coniuges,
1191 1499 1340 1584 Tigranis
1358 1498 1515 1564 demortui
1531 1501 1641 1585 opinor
1654 1500 1723 1578 filii,
1748 1521 1803 1585 per
1818 1499 1921 1564 Phraa

575 1612 638 1669 tem
662 1606 849 1670 Parthorum
872 1624 977 1686 regem
1000 1623 1110 1668 rursus
1133 1623 1238 1668 rerum
1261 1604 1354 1689 potiti
1378 1612 1453 1669 sunt
1475 1605 1550 1688 (Dio
1566 1607 1619 1682 55,
1635 1606 1701 1689 10).
1740 1606 1921 1689 Quapropter

575 1730 603 1773 a.
617 1711 681 1774 748
704 1709 851 1773 Tiberius
875 1708 978 1772 denuo
1001 1707 1109 1772 iussus
1132 1715 1181 1774 est
1203 1707 1237 1773 in
1253 1709 1436 1774 Armeniam
1457 1709 1623 1794 proficisci,
1647 1708 1702 1774 sed
1720 1728 1756 1774 eo
1771 1708 1818 1773 ire
1832 1706 1921 1773 noluit

576 1815 650 1898 (llio
675 1816 763 1891 55,9
788 1835 860 1878 cum
883 1813 1020 1897 Zonara)
1045 1833 1148 1896 nequo
1172 1814 1341 1898 quiequam
1366 1814 1406 1878 ad
1430 1813 1659 1879 restituendam
1680 1812 1852 1880 Artauasdi
1870 1813 1920 1876 Ar-

574 1918 712 1982 meniam
734 1937 790 2003 per
812 1917 933 2000 aliquot
956 1936 1055 1982 annos
1078 1916 1154 1981 fecit
1169 1918 1342 2001 Augustus,
1366 1917 1422 1982 alii
1443 1918 1517 1983 duci
1537 1937 1600 1983 non
1616 1939 1655 1985 ex
1670 1918 1764 1982 domo
1779 1935 1837 1982 aua
1850 1936 1920 1982 com·

574 2022 699 2088 mittere
723 2042 785 2088 non
809 2042 906 2086 ausus
929 2021 1086 2086 eiusmodi
1100 2021 1335 2106 expeditionem
1349 2023 1477 2102 (Zonar.
1493 2024 1543 2099 10,
1553 2023 1595 2088 36
1610 2023 1715 2106 pata
1732 2021 1840 2088 Pina:
1861 2020 1920 2084 οὔτε

576 2125 632 2212 γὰρ
657 2126 746 2195 αὐτὸς
769 2129 945 2209 στρατεῦσαι
967 2123 1029 2192 οἷός
1050 2148 1083 2188 τε
1105 2122 1141 2208 ἧν
1159 2124 1207 2188 διὰ
1222 2129 1325 2210 γῆρας,
1350 2125 1423 2189 ὅτε
1438 2123 1574 2212 Τιβέριος
1596 2125 1725 2210 μετέστη
1749 2123 1821 2209 ἤδη,
1843 2122 1920 2187 ἄλλον

575 2232 609 2294 δέ
633 2254 696 2294 τινα
718 2229 834 2316 πέμψαι
856 2232 914 2292 τῶν
939 2230 1072 2292 δυνατῶν
1096 2229 1151 2292 οὐκ
1175 2228 1306 2314 ἐτόλμα·
1331 2231 1347 2292 b
1371 2229 1589 2300 resorberet
1613 2231 1629 2293 ὁ
1650 2229 1780 2299 Λούκιος
1800 2228 1860 2292 νέοι
1878 2228 1920 2290 καὶ

574 2335 753 2420 πραγμάτων
779 2333 941 2418 ἐτύγχανον
965 2331 1103 2420 ἄπειροι).
1142 2333 1285 2398 Tandem
1308 2334 1479 2417 aliquando
1501 2355 1574 2399 cum
1595 2332 1693 2398 Gaius
1714 2333 1803 2398 nlius
1824 2332 1920 2397 vicesi-

575 2459 663 2504 mum
693 2458 812 2502 annum
841 2436 1013 2519 attigisset,
1044 2456 1071 2500 a.
1086 2437 1150 2502 753
1181 2457 1253 2503 eum
1282 2437 1316 2500 in
1346 2435 1505 2504 Orientem
1535 2437 1625 2516 misit
1649 2437 1790 2505 maxime
1816 2436 1855 2502 ad
1878 2455 1919 2498 res

575 2541 742 2606 Armenias
763 2540 994 2626 componendas
1014 2540 1210 2623 Parthosque
1231 2541 1439 2625 repellendos.
1479 2541 1568 2618 Quod
1587 2561 1658 2606 oum
1679 2541 1833 2624 Tigranes
1850 2560 1920 2606 com-

574 2645 724 2730 perisset,
759 2644 935 2708 Artavasde
969 2665 1063 2728 quom
1092 2645 1256 2727 Augustus
1289 2665 1420 2728 regnare
1454 2646 1591 2710 iusserat
1620 2665 1656 2710 eo
1686 2646 1760 2731 ipso
1794 2653 1920 2729 tempore

574 2750 684 2814 morbo
712 2749 894 2833 absumpto,
926 2757 1094 2832 paternum
1120 2749 1303 2832 avitumque
1331 2771 1462 2832 regnum
1492 2757 1528 2832 qt
1557 2751 1597 2814 ab
1621 2751 1767 2832 Augusto
1795 2749 1854 2813 sibi
1875 2747 1919 2812 tri·

576 2855 723 2918 buerctur
752 2852 844 2938 petiit
874 2853 1073 2938 supplicibus
1104 2852 1220 2916 litteris
1251 2853 1358 2917 missis
1389 2874 1429 2916 ne
1460 2854 1586 2918 nomine
1615 2854 1746 2938 quidem
1772 2853 1852 2938 regis
1876 2851 1919 2915 ad-

575 2959 701 3044 scripto,
726 2977 805 3041 quas
821 2959 983 3040 Augustus
1008 2957 1144 3022 libenter
1167 2957 1289 3041 accepit
1311 2978 1446 3042 eumque
1466 2959 1500 3022 in
1517 2958 1643 3041 Syriam
1663 2959 1820 3043 proficisci
1838 2956 1920 3022 iussit

575 3069 606 3128 et
635 3063 718 3129 bona
746 3083 802 3147 spe
826 3053 884 3127 Gai
913 3062 1084 3129 adventum
1114 3062 1301 3148 praestolari
1327 3062 1408 3145 (Dio
1436 3063 1469 3127 in
1498 3085 1565 3129 exo.
1589 3061 1696 3129 Ursin.
1719 3084 1753 3149 p.
1771 3064 1812 3129 87
1834 3059 1918 3127 cerr.

573 3168 607 3230 in
624 3170 721 3246 nota).
761 3166 824 3229 Sed
848 3174 921 3231 ente
945 3186 1042 3249 quam
1058 3166 1156 3230 Gaius
1178 3166 1211 3230 in
1228 3166 1354 3250 Syriam
1376 3169 1564 3252 perveniret,
1587 3166 1742 3250 Tigranes
1765 3166 1876 3231 cecidit
1891 3163 1919 3228 ir

574 3272 658 3335 bello
682 3270 819 3355 quodam
842 3292 914 3334 cum
935 3270 1080 3334 barbaris
1104 3276 1201 3351 gesto,
1230 3290 1316 3334 soror
1342 3278 1446 3335 autem
1469 3271 1563 3335 Erato
1590 3290 1686 3355 regno
1713 3290 1750 3334 se
1776 3267 1920 3334 abdicarit
2004 3303 2005 3358 3

575 3374 649 3453 (Dio
665 3376 717 3451 55,
740 3375 805 3438 1οο
827 3375 908 3456 65).
955 3375 1021 3449 Quo
1044 3374 1127 3437 facto
1149 3394 1265 3438 vacans
1289 3396 1420 3456 regnum
1443 3375 1539 3440 Gaius
1562 3375 1694 3440 tradidit
1716 3371 1920 3439 Ariobarzani
2004 3407 2005 3420 ν

575 3623 665 3660 omnes
684 3611 710 3661 et
728 3607 804 3659 tertio
823 3610 965 3674 quartoque
985 3606 1042 3659 loco
1062 3608 1207 3675 positorum
1225 3607 1338 3675 quidam,
1358 3622 1424 3675 quos
1442 3622 1522 3661 cusos
1540 3622 1604 3661 esse
1617 3610 1679 3674 post
1696 3622 1720 3658 a
1731 3604 1784 3661 726
1802 3610 1873 3660 extra
1882 3604 1920 3656 du·

574 3695 724 3747 bitationem
744 3696 792 3745 est.
812 3720 845 3729 -
866 3694 957 3762 ltaque
976 3708 1035 3747 cum
1053 3694 1169 3761 reliquos
1188 3709 1307 3747 nummos
1326 3695 1390 3747 nihil
1409 3696 1499 3749 obstet
1517 3696 1657 3763 quominus
1674 3693 1820 3747 referamus
1837 3692 1868 3746 ad
1883 3704 1920 3742 er·

460 3844 464 3852 Ι
574 3782 733 3849 peditionem
753 3780 867 3844 Tiberii,
885 3780 1078 3844 Berolinensis‚
1105 3780 1234 3848 siqnidem
1259 3781 1362 3849 integer
1385 3786 1496 3834 estnec
1521 3781 1687 3833 nummularii
1710 3782 1740 3833 in
1757 3796 1789 3834 eo
1806 3780 1919 3838 annunt
2003 3807 2004 3810 ¹

574 3882 653 3921 ausus
672 3868 708 3921 sit
725 3880 833 3919 necesse
857 3870 899 3918 est
920 3867 989 3919 iuter
1011 3883 1034 3918 a.
1047 3866 1099 3920 725
1113 3871 1140 3918 et
1152 3867 1213 3921 729.
1254 3867 1289 3920 At
1307 3868 1384 3920 testis
1407 3869 1430 3920 is
1456 3867 1574 3935 procedit
1598 3880 1651 3919 non
1673 3868 1759 3919 solum
1779 3864 1916 3935 singularia,
2003 3855 2004 3872 ²

575 3954 717 4007 sedetiam
736 3954 842 4006 minime
861 3953 1012 4020 probabilia.
1041 3952 1198 4021 Reiragatur
1215 3969 1299 4006 rerum
1319 3954 1456 4030 memorie:
1476 3969 1535 4005 nam
1555 3968 1603 4007 nec
1621 3954 1778 4021 perbollnm
1791 3950 1920 4022 Aegyptia-
2003 3935 2004 3957 ¹

574 4056 633 4091 cunr
652 4055 700 4091 nec
719 4045 811 4107 postca
828 4040 861 4091 ad
880 4056 902 4091 a.
922 4054 1005 4106 usque
1024 4039 1076 4092 734
1094 4040 1230 4107 Augustus
1249 4040 1398 4093 Armeniam
1417 4040 1506 4107 attigit
1524 4040 1595 4092 etin
1615 4041 1725 4107 gratiam
1744 4056 1805 4093 cum
1823 4037 1919 4092 Artaxia

575 4124 678 4193 quidem
696 4140 748 4179 non
766 4127 844 4178 rediit
861 4125 985 4189 (Dicor,
1001 4125 1062 4189 16),
1087 4126 1134 4177 sed
1158 4130 1245 4179 nmen
1269 4141 1363 4194 passua
1387 4130 1509 4179 osteum
1532 4141 1651 4194 regnare,
1675 4141 1760 4195 noque
1784 4122 1919 4179 ullomodo

574 4212 723 4279 praedicare
743 4212 774 4265 de
793 4226 822 4265 se
839 4213 926 4280 potuit
944 4212 1091 4263 Armeniam
1111 4214 1214 4280 cepisse
1233 4228 1261 4265 ac
1279 4214 1321 4265 vel
1341 4214 1473 4281 recepisse
1492 4214 1532 4266 vir
1549 4228 1601 4265 non
1620 4214 1658 4266 ita
1675 4229 1752 4266 verae
1771 4214 1868 4283 gloriae
1883 4224 1920 4263 ex·

574 4314 647 4366 pers,
672 4303 701 4350 ut
719 4312 764 4366 per
781 4298 869 4351 fucum
888 4302 914 4350 et
931 4298 1061 4351 abaciam
1080 4298 1249 4365 imaginarios
1269 4300 1414 4367 triumphos
1438 4300 1490 4352 sibi
1514 4304 1625 4368 pararet.
1662 4300 1838 4370 Rei-agantur
1854 4310 1920 4367 porro
2002 4327 2003 4340 ι

574 4385 626 4452 ipsi
638 4387 747 4451 nummi:
761 4401 819 4436 nam
834 4388 886 4436 tam
899 4398 964 4453 quos
978 4390 1068 4452 quarto
1081 4386 1141 4437 loco
1153 4387 1288 4453 posuimus
1302 4388 1400 4438 nummi
1413 4388 1458 4454 qui
1470 4387 1575 4455 quidem
1587 4388 1767 4441 inscribuntur
1779 4388 1838 4440 lliP
1850 4379 1921 4437 ·lllll

574 4486 651 4539 quam
670 4486 789 4523 nummus
808 4472 911 4540 quidam
932 4488 965 4524 en
983 4473 1071 4524 citatis
1090 4473 1139 4524 sub
1157 4473 1207 4524 nl
1229 4473 1301 4526 Tlori
1322 4472 1425 4534 (Gohen
1442 4475 1502 4525 med.
1522 4476 1636 4540 densam.
1649 4475 1729 4528 tabi
1747 4471 1843 4542 Aquili.
1861 4486 1884 4523 n.
1895 4468 1920 4529 3)

574 4558 612 4609 ita
632 4557 733 4611 similes
752 4563 813 4611 sunt
830 4573 934 4610 nummo
953 4558 1130 4621 Berolinensi‚
1155 4558 1246 4610 utrix
1270 4562 1297 4610 et
1319 4574 1352 4610 ne
1371 4560 1415 4610 vix
1437 4559 1541 4627 quidem
1564 4562 1680 4628 separari
1697 4565 1795 4629 queant
1812 4555 1921 4613 decennii

574 4644 719 4697 intervallo.
749 4644 846 4697 Contra
863 4646 1042 4713 patrocinatur
1061 4660 1166 4697 nummo
1185 4650 1275 4698 nostro
1294 4645 1483 4712 quodammodo
1500 4648 1574 4710 alter,
1591 4648 1619 4699 in
1633 4662 1684 4715 quo
1697 4648 1815 4700 astAcia
1826 4654 1919 4711 recepta,

576 4730 695 4797 signatus
716 4732 771 4783 sine
791 4732 870 4783 dubio
889 4748 912 4783 a.
922 4731 974 4785 725
994 4730 1031 4794 (v.
1050 4748 1075 4800 p.
1086 4731 1143 4794 81).
1179 4732 1323 4785 Remaneet
1340 4732 1421 4800 igitur
1437 4733 1471 4786 lis
1492 4734 1541 4786 sub
1558 4733 1654 4797 iudice,
1675 4737 1731 4786 tum
1750 4723 1852 4787 domum
1868 4728 1920 4782 diri·
2001 4783 2002 4788 ,

575 4816 681 4879 menda,
704 4832 763 4868 cum
783 4818 880 4870 nummi
898 4819 982 4870 nostri
1000 4817 1180 4870 Berolinensis
1198 4819 1315 4871 extiterit
1331 4819 1442 4871 alterum
1465 4820 1626 4887 exemplum,
1650 4820 1720 4888 quod
1742 4825 1789 4873 aut
1810 4817 1920 4873 ostendat

574 4903 602 4954 in
621 4917 651 4955 eo
670 4902 732 4955 olim
751 4902 832 4956 fuisse
851 4904 892 4956 vel
911 4920 970 4957 esse
989 4905 1112 4957 debuisse
1131 4904 1282 4958 lnP·vl11
1299 4909 1344 4958 aut
1362 4906 1395 4959 ab
1413 4908 1484 4959 omni
1501 4907 1581 4960 dubio
1599 4924 1658 4960 eum
1677 4910 1782 4961 eximat.
1810 4907 1863 4960 Nos
1878 4904 1919 4955 hor

575 4992 675 5042 tantum
695 4988 845 5053 adiciemus,
871 4989 894 5041 si
912 4994 982 5043 recte
1000 4992 1024 5043 is
1044 5006 1072 5044 se
1091 4992 1177 5055 habet,
1201 5006 1253 5043 non
1272 4991 1440 5060 cogitandum
1459 5008 1520 5049 esso
1542 4994 1574 5047 de
1593 4995 1758 5062 expeditione
1776 4991 1920 5047 Arueniaca

574 5076 643 5129 inter
660 5090 683 5127 e.
697 5074 749 5129 725
767 5079 793 5127 et
810 5075 862 5128 729
881 5082 1004 5145 suscepta
1028 5080 1060 5131 ab
1079 5077 1212 5148 Augusto,
1238 5079 1284 5131 sed
1302 5079 1424 5132 incohata
1442 5082 1620 5135 tantummodo
1644 5085 1672 5135 et
1689 5096 1751 5134 mox
1768 5081 1875 5141 omissa,
1895 5074 1920 5124 ut

575 5162 696 5215 denarius
715 5162 759 5214 ille
776 5163 815 5215 rei
832 5163 962 5229 cogitatae
981 5168 1007 5217 et
1025 5170 1145 5231 speratae
1162 5167 1247 5234 magis
1265 5181 1342 5233 quam
1360 5182 1421 5220 rore
1438 5168 1569 5234 perlectae
1585 5169 1764 5223 testimonium
1782 5165 1854 5219 ierat.
