4400 6175
543 707 585 772 64
850 777 855 794 ι
1147 706 1292 773 100000

543 880 650 966 lapide
674 883 765 947 ludas
788 883 971 947 saeculares
994 884 1132 964 quintos,
1156 901 1219 965 quo
1241 881 1329 946 ducit
1344 879 1575 965 quodammode
1590 880 1771 965 exemplum
1784 879 1904 956 101000,

542 984 600 1049 sed
621 986 839 1051 tantammodo
862 988 953 1051 ladas
977 989 1178 1062 saeculares,
1206 992 1239 1050 ot
1267 985 1407 1070 epatium
1433 984 1553 1050 evincit
1579 990 1612 1048 et
1639 984 1743 1049 versio
1771 984 1908 1048 Graeca.

543 1089 607 1153 Pro
637 1091 781 1171 conlegio
810 1094 995 1157 uvoirorum
1022 1098 1054 1154 et
1084 1091 1151 1154 fere
1179 1089 1339 1172 integrum
1368 1095 1513 1174 superest
1539 1095 1571 1151 et
1597 1095 1704 1173 aparte
1729 1087 1910 1171 requiritur

542 1191 686 1257 versione
710 1193 836 1260 Graeca.
882 1193 921 1258 Ei
943 1193 1074 1276 collegio
1103 1214 1177 1258 cum
1204 1192 1297 1256 hodie
1325 1192 1419 1276 vulgo
1441 1198 1583 1257 statuant
1610 1210 1768 1256 consensu
1792 1191 1907 1256 nescio

543 1296 699 1378 quomedo
726 1296 871 1361 unanimi
899 1297 1074 1383 praefuisse
1108 1295 1295 1379 magistrum
1324 1317 1424 1360 unum
1459 1295 1663 1381 (Marquardt
1694 1296 1725 1372 4,
1748 1294 1849 1376 327),
1885 1315 1907 1357 0

542 1401 697 1465 connatis
725 1401 911 1467 decemviris
939 1423 965 1466 s.
986 1401 1008 1465 f.
1038 1400 1215 1486 praefuisse
1238 1401 1405 1484 magistros
1436 1400 1527 1464 binos
1556 1398 1726 1484 patricium
1753 1398 1906 1474 alterum,

492 1525 495 1541 ·
542 1503 678 1570 alterum
697 1505 874 1592 plebeium,
900 1505 1161 1590 quindecimviris
1183 1526 1208 1569 0.
1226 1504 1248 1568 f.
1272 1503 1439 1588 magistros
1463 1504 1575 1587 quinos
1598 1502 1774 1567 luculenter
1796 1505 1908 1566 osten·

542 1607 622 1673 dunt
648 1610 722 1674 fasti
751 1609 921 1694 Capitolini
950 1610 982 1675 in
1012 1609 1097 1674 ludis
1133 1608 1349 1674 saecularibus
1382 1609 1485 1674 tertiis
1520 1615 1551 1672 et
1580 1606 1700 1691 quintis
1735 1607 1839 1691 (0.1.
1862 1606 1905 1672 L.

541 1711 566 1787 I,
589 1731 621 1796 p.
639 1713 735 1796 442).
793 1711 965 1778 Confirmat
985 1732 1052 1776 rem
1080 1711 1211 1776 Tacitus
1240 1733 1312 1776 ann.
1345 1713 1375 1788 6,
1401 1713 1457 1776 12:
1495 1714 1590 1776 Gallo
1617 1709 1906 1795 (quindecimviro)

540 1817 769 1895 eaprobrabat,
793 1819 877 1898 quod
898 1819 1051 1882 scientiae
1073 1818 1395 1897 caerimoniarumque
1417 1824 1506 1880 aetus
1529 1819 1650 1879 incerto
1673 1825 1802 1878 auctore
1825 1821 1907 1878 aute

540 1923 727 1984 senteutiam
750 1923 889 2002 collegii,
911 1941 975 1984 nou
997 1928 1031 1982 ut
1054 1921 1181 1984 adsolet
1202 1922 1281 1984 lecto
1302 1940 1363 2001 per
1381 1922 1556 2001 magistros
1579 1922 1807 1998 aestimatoque
1829 1938 1907 1980 car-

539 2025 631 2099 mine,
655 2026 741 2105 apud
763 2026 988 2106 infrequentem
1010 2033 1154 2089 renatum
1176 2026 1306 2105 egisset,
1332 2021 1391 2086 ubi
1411 2022 1477 2086 iam
1500 2028 1639 2106 apparet,
1664 2041 1757 2105 quam
1780 2028 1906 2084 temere

539 2127 715 2210 reposuerit
736 2132 922 2210 maqislrum
937 2126 1158 2212 Nipperdeius.
1196 2125 1262 2191 Nec
1285 2146 1361 2190 sane
1384 2126 1490 2191 obstat
1509 2126 1594 2210 quod
1608 2125 1732 2190 Plinius
1748 2126 1799 2203 28,
1812 2124 1841 2200 2,
1856 2125 1905 2188 12

540 2229 652 2293 scribit
674 2251 799 2294 carmen
823 2230 951 2314 aliquod
973 2231 1095 2316 praeire
1110 2233 1256 2298 uvoirum
1274 2233 1398 2313 couleqi
1412 2234 1607 2312 magistrum.
1645 2231 1756 2312 Itaque
1772 2229 1906 2313 quando

540 2351 596 2416 pro
626 2332 749 2398 duobus
778 2335 855 2399 viris
886 2334 984 2398 sacris
1012 2333 1170 2398 faciundis
1204 2333 1371 2399 substituti
1404 2341 1480 2398 sunt
1512 2333 1637 2410 decem,
1673 2332 1735 2396 duo
1762 2331 1813 2395 illi
1841 2331 1907 2414 qui

541 2442 634 2500 antea
656 2438 781 2504 fueram
802 2439 1025 2522 magistrorum
1047 2438 1115 2502 1000
1139 2459 1209 2502 0000
1231 2446 1413 2522 coeperunt,
1442 2445 1479 2502 ut
1506 2438 1589 2502 inter
1616 2437 1673 2501 hos
1695 2436 1905 2520 reliquosque

540 2539 676 2624 collegas
704 2540 790 2607 idem
819 2542 951 2608 fortasse
981 2540 1152 2606 discrimen
1181 2541 1352 2618 obtineret,
1388 2540 1471 2624 quod
1505 2541 1672 2606 intercedit
1706 2540 1788 2605 inter
1822 2559 1905 2623 pon-

539 2643 639 2708 tifices
668 2645 804 2709 maiores
830 2647 1041 2730 minoresque.
1097 2644 1223 2710 Fecisse
1251 2649 1358 2709 autem
1386 2645 1478 2710 ludos
1512 2645 1690 2710 saeculares
1718 2646 1906 2727 Augustum

540 2767 569 2810 a.
584 2748 646 2812 737
669 2755 823 2832 tanquam
846 2749 1132 2833 quindecimvirum
1156 2749 1254 2814 sacris
1275 2747 1434 2813 faciundis
1458 2750 1512 2832 (of.
1528 2769 1625 2833 supra
1639 2770 1671 2833 p.
1685 2749 1726 2813 18
1748 2748 1799 2810 Gr.
1813 2748 1844 2824 4,
1863 2748 1903 2830 5)

540 2852 745 2937 comprobant
774 2853 896 2918 nummi
925 2853 961 2920 L.
982 2852 1129 2918 Mescinii
1156 2853 1245 2929 Rufi,
1274 2853 1331 2918 nbi
1353 2852 1395 2916 ed
1417 2853 1561 2938 cippum,
1590 2853 1625 2916 in
1653 2873 1715 2936 quo
1744 2858 1793 2916 est
1821 2855 1901 2932 imp.

542 2956 632 3020 Caes.
650 2958 812 3039 Aug-lud.
829 2977 929 3033 saec,
954 2956 1106 3042 bipartito
1128 2955 1319 3022 adscribitur
1340 2959 1393 3024 ἵν.
1416 2945 1447 3020 s]
1466 2959 1505 3038 s.;
1531 2956 1710 3039 quodcum
1734 2955 1904 3020 Ohishullo

539 3060 709 3145 adipsum
730 3061 953 3147 imperatorem
974 3061 1089 3138 refero,
1121 3081 1183 3126 non
1206 3081 1279 3128 cum
1300 3059 1450 3127 1101110110
1473 3059 1631 3145 (6,102)
1655 3057 1695 3125 ad
1717 3058 1901 3143 collegium.

538 3165 576 3229 In
604 3165 696 3229 fastis
723 3164 806 3231 inter
836 3166 977 3248 quinque
1005 3164 1130 3246 collegii
1151 3164 1319 3247 magistros
1341 3165 1504 3246 Augustus
1531 3164 1654 3248 primus
1683 3170 1746 3240 est,
1776 3163 1903 3245 collega

538 3272 660 3344 autem,
692 3287 827 3352 quocum
854 3268 946 3332 ludes
976 3288 1029 3333 ees
1058 3268 1171 3331 fecisse
1201 3288 1235 3331 se
1258 3269 1421 3349 Augustus
1452 3268 1564 3332 scribit
1589 3268 1730 3352 itemque
1753 3268 1901 3332 Censori·

539 3388 599 3433 nus
623 3369 775 3453 (17,10)
800 3371 912 3448 refert,
945 3371 987 3436 M.
1010 3370 1153 3455 Agrippa
1174 3370 1257 3435 inter
1279 3370 1446 3453 magistros
1469 3390 1533 3435 non
1561 3371 1756 3447 nominatur,
1787 3391 1901 3453 quam·

540 3492 637 3555 quam
660 3480 743 3539 certe
766 3494 793 3537 a.
812 3473 875 3539 739
899 3474 933 3539 in
956 3473 1086 3557 collegio
1110 3474 1172 3538 fuit
1193 3474 1275 3560 (Dio
1298 3476 1440 3560 5010).
1484 3475 1612 3558 Collega
1633 3475 1730 3557 igitur
1750 3475 1814 3539 fnit
1834 3494 1901 3539 non

538 3576 572 3641 in
595 3576 785 3659 magisterio,
810 3577 866 3641 scd
888 3578 1107 3679 tantummodo
1128 3577 1163 3643 in
1185 3577 1359 3645 sacerdotio
1381 3578 1530 3663 ludisque
1551 3578 1670 3664 pariter
1691 3577 1861 3663 praesedit.

592 4089 657 4133 111.
670 4073 701 4151 4,
717 4090 746 4135 00
778 4071 1013 4157 [O]on[sulxr1r]
1034 4068 1131 4136 ludos
1145 4071 1261 4158 M[arm
1281 4073 1382 4137 Ultori
1404 4073 1479 4155 feci,
1502 4094 1581 4155 quoe
1602 4081 1679 4154 pasl
1701 4070 1750 4157 i]d
1764 4079 1898 4157 tempus

718 4202 747 4247 aa
781 4182 976 4279 deinc[eps]t
999 4230 1537 4250 .........................
1559 4183 1713 4269 [consules
1731 4184 1896 4269 secemmt}

537 4294 747 4374 cantamen
779 4291 938 4380 [limam
966 4296 1240 4383 sprctuatdiubrcb
1269 4296 1344 4367 tta<
1360 4295 1482 4383 Ἄρεω]ς
1509 4295 1642 4382 iniqua,
1673 4296 1709 4365 ἃς
1738 4294 1798 4379 pet
1825 4295 1898 4376 01001

718 4425 746 4470 10
780 4429 808 4470 tu
821 4452 939 4470 ......
970 4407 1011 4493 [ἰν
1035 4414 1096 4478 τοῖς
1119 4408 1286 4493 peJtinsma
1316 4410 1461 4479 ἐνιαυτοῖς
1488 4425 1494 4488 Ι
1525 4411 1541 4472 ὃ
1555 4453 1874 4476 ..............
1888 4433 1897 4470 ι

718 4536 747 4582 10
780 4542 808 4582 et
831 4516 963 4603 ἐπόησαν
987 4520 1016 4583 oi
1038 4518 1178 4606 ὕπαΙ[τοι].

536 4629 666 4693 Annum
688 4650 759 4693 cum
782 4630 924 4695 iudicent
945 4632 1122 4714 fragmenta
1137 4630 1256 4695 Graeca
1267 4632 1341 4709 752,
1366 4631 1493 4696 omnino
1516 4632 1676 4716 pertinent
1697 4630 1775 4694 hacc
1791 4628 1832 4693 ad
1848 4629 1897 4694 lu·

536 4730 592 4795 dos
608 4732 718 4797 Martis
734 4732 853 4798 Ultoris
874 4755 909 4798 eo
931 4755 1013 4799 anno
1030 4735 1068 4799 ob
1086 4734 1196 4799 aedem
1212 4735 1281 4800 eius
1297 4734 1476 4800 dedicatam
1490 4736 1652 4800 institutos
1668 4733 1723 4819 (cf.
1736 4734 1897 4797 Eusebius
2029 4756 2030 4773 ¹

536 4834 576 4898 ad
592 4855 619 4899 0.
633 4838 652 4900 7
656 4837 712 4901 50:
738 4840 898 4918 Augustus
920 4840 1167 4903 monomachiam
1187 4841 1464 4921 naumachiamque
1480 4840 1670 4922 constituit).
1709 4837 1814 4901 Ludos
1836 4836 1896 4901 hos

535 4938 676 5003 diversos
700 4960 769 5005 esse
792 4962 811 5005 a
833 4941 1028 5007 circensibus
1052 4942 1155 5007 eidem
1177 4943 1271 5008 Marti
1294 4943 1461 5009 celebratis
1483 4943 1536 5008 die
1557 4942 1634 5008 Maii
1659 4942 1700 5005 12
1729 4940 1913 5024 editosque‘

536 5062 606 5106 esse
629 5042 659 5107 k.
673 5046 754 5126 Aug.
777 5044 902 5109 ostendi
923 5046 958 5110 in
979 5047 1098 5111 011.
1115 5046 1176 5111 vol.
1193 5049 1208 5110 1
1225 5068 1257 5131 p.
1270 5047 1345 5125 393,
1367 5046 1527 5127 01110111ος
1551 5046 1632 5111 adde
1648 5044 1896 5113 8000010004

534 5164 574 5209 ex
597 5146 736 5233 epistula
758 5149 896 5232 Augusti
918 5150 957 5215 de
980 5150 1113 5216 Claudio
1135 5170 1246 5236 puero:
1270 5172 1384 5216 crtrare
1405 5172 1472 5217 erun
1495 5154 1579 5216 ludis
1602 5150 1809 5215 Martialibus
1832 5152 1894 5213 tri·
