4400 6175
514 716 555 779 88
1111 719 1278 784 uu-m

516 892 731 958 obtinuerunt.
776 894 1007 960 Posterioribus
1036 900 1141 960 tamen
1171 895 1263 957 annis
1287 895 1319 957 id
1343 915 1454 976 agens,
1485 901 1521 958 ut
1543 895 1693 958 honorem
1722 897 1877 982 triumphi

515 995 579 1060 sibi
600 997 730 1080 suisque
751 1005 936 1074 reservaret,
960 998 1072 1081 legatis
1096 1007 1248 1081 tanquam
1270 999 1407 1083 propriis
1430 998 1581 1083 auspiciis
1604 999 1784 1064 carentibus
1800 1023 1874 1066 eum

514 1099 643 1181 negavit
665 1102 720 1184 (51.
739 1102 862 1180 Vell.2,
882 1102 969 1185 115),
994 1101 1197 1186 proconsules
1220 1121 1295 1165 vero
1318 1123 1338 1164 5
1361 1101 1444 1166 bello
1468 1101 1603 1184 gerendo
1626 1111 1662 1165 ut
1685 1104 1786 1185 magis
1808 1127 1876 1169 ma-

516 1203 627 1286 gisque
651 1205 847 1270 abstinerent
869 1205 1031 1290 compulit,
1055 1213 1091 1269 ut
1114 1212 1185 1289 post
1208 1206 1410 1288 proconsules
1427 1206 1552 1269 Africae
1569 1206 1751 1270 Atratinum
1767 1229 1794 1271 a.
1808 1211 1876 1274 733

516 1319 547 1371 51
569 1308 705 1372 Balbum
728 1329 755 1372 5.
770 1310 833 1376 735
856 1331 897 1376 ne
924 1310 1037 1376 horum
1060 1310 1189 1394 quidem
1212 1310 1298 1373 ullus
1329 1311 1541 1396 triumphasse
1568 1311 1757 1376 inveniatur.
1803 1314 1876 1378 Iam

514 1412 611 1494 igitur
634 1433 684 1476 res
707 1433 742 1476 eo
766 1415 918 1499 pervenit,
942 1425 979 1479 ut
999 1414 1181 1499 triumphus
1204 1435 1266 1478 non
1289 1415 1523 1498 permitteretur
1546 1415 1609 1478 nisi
1631 1414 1879 1500 imperatoribus

515 1515 596 1600 ipsis
619 1522 650 1579 et
672 1516 872 1601 imperatorio
895 1517 1021 1600 fastigio
1050 1517 1232 1595 destinatis3
1265 1516 1299 1580 hi
1322 1537 1394 1580 vero
1415 1528 1523 1582 utrum
1546 1518 1613 1582 suis
1636 1521 1786 1604 auspiciis
1807 1544 1880 1588 rem

517 1619 690 1701 gessissent
712 1642 752 1684 an
774 1621 983 1706 imperatoris,
1008 1621 1072 1686 iam
1096 1642 1209 1706 parum
1231 1621 1389 1688 intererat.

625 1723 792 1788 Deliacis
822 1726 890 1789 sive
914 1725 1001 1789 Getis
1032 1746 1113 1808 quae
1143 1725 1309 1788 traduntur
1333 1726 1471 1806 Augusti
1500 1733 1602 1790 aetate
1631 1746 1694 1790 non
1721 1728 1823 1792 multa
1844 1739 1881 1794 et

517 1829 716 1912 perturbata,
753 1828 937 1912 diligentius
966 1829 1201 1893 consideremus
1231 1851 1358 1893 necesse
1388 1835 1446 1893 est.
1499 1830 1641 1894 Primum
1669 1832 1735 1896 iam
1764 1854 1789 1895 a.
1810 1835 1877 1897 710

517 1932 631 1996 Caesar
653 1941 725 2017 post
748 1933 888 1997 devictos
905 1933 1083 1998 Pannonios
1101 1933 1263 2016 Segestam
1287 1934 1354 1996 sive
1371 1933 1504 1996 Sisciam
1520 1934 1560 1997 ad
1578 1933 1695 1998 Savum
1712 1945 1882 2020 propterea

515 2037 653 2100 maxime
689 2036 804 2101 dicitur
836 2037 1056 2120 occupavisse,
1089 2044 1126 2100 ut
1154 2035 1228 2099 inde
1262 2036 1480 2118 aggrederetur
1510 2037 1612 2101 Dacos
1641 2047 1674 2102 et
1704 2039 1880 2104 Bastarnas

517 2140 674 2225 (Appian.
699 2141 787 2224 lllyr.
810 2141 861 2204 22.
884 2140 959 2223 23).
1019 2139 1140 2203 Deinde
1170 2140 1310 2202 Cotisoni
1340 2140 1489 2203 Getarum
1525 2141 1592 2222 regi
1627 2141 1726 2204 filiam
1760 2142 1881 2208 Iuliam

518 2243 724 2328 despondisse
747 2243 862 2308 dicitur
885 2243 1017 2327 eiusque
1046 2243 1145 2306 filiam
1172 2263 1299 2308 rursum
1328 2243 1361 2306 in
1385 2243 1621 2308 matrimonium
1644 2245 1775 2328 petiisse
1801 2269 1829 2311 c.
1847 2269 1879 2311 a.

518 2349 583 2412 720
607 2347 714 2432 (Suet.
735 2355 817 2429 Aug.
840 2346 920 2430 63),
950 2345 1101 2410 nimirum
1128 2352 1165 2410 ut
1193 2367 1266 2410 eum
1294 2348 1413 2410 socium
1444 2346 1575 2410 haberet
1603 2348 1755 2412 adversus
1777 2355 1880 2415 Anto·

517 2452 623 2531 nium3
648 2451 732 2535 quod
755 2450 859 2516 Cotiso
883 2458 1070 2535 aspernatus
1094 2450 1256 2532 (Frontiu.
1281 2452 1543 2529 51151.1,10,4)
1567 2473 1640 2515 eum
1662 2452 1798 2516 Antonio
1821 2474 1880 2538 po-

517 2554 581 2619 tius
604 2556 693 2620 stetit
715 2554 795 2638 (Dio
811 2556 863 2631 51,
882 2555 923 2618 22
946 2555 985 2620 cf.
1001 2556 1053 2630 50,
1071 2555 1123 2636 6).
1168 2554 1260 2618 Unde
1283 2575 1338 2638 per
1368 2556 1486 2619 bellum
1508 2556 1673 2620 Actiacum
1701 2556 1882 2623 timuerunt

517 2659 591 2724 Itali
613 2660 756 2724 homines
779 2679 841 2723 uon
856 2659 957 2740 magis
973 2658 1109 2722 classem
1125 2659 1352 2743 Aegyptiarum
1368 2679 1465 2742 qnam
1479 2659 1691 2723 incursionem
1709 2661 1879 2738 Dacorum,

518 2763 601 2827 sicut
622 2771 753 2848 apparet
776 2785 814 2827 er
829 2763 967 2845 Vergilio
990 2763 1024 2826 in
1048 2761 1200 2845 georgicis
1224 2762 1318 2826 editis
1342 2783 1370 2826 a.
1384 2762 1448 2826 723
1472 2764 1519 2846 (2,
1536 2765 1599 2827 497
1607 2787 1614 2826 :
1641 2768 1882 2830 55515551οά5-

519 2870 670 2932 scendeus
695 2871 801 2934 Dacus
825 2870 865 2932 oh
889 2870 1029 2946 Histro),
1060 2867 1138 2930 item
1166 2887 1206 2930 ex
1228 2866 1359 2930 Horatio
1382 2866 1416 2928 in
1445 2873 1553 2929 satura
1575 2867 1693 2951 scripta
1723 2890 1750 2932 e.
1767 2890 1794 2934 5.
1813 2872 1881 2936 723

518 2973 570 3054 (2,
588 2974 618 3048 6,
636 2972 694 3036 53:
718 2977 888 3055 numquid
917 2975 954 3036 de
978 2974 1077 3036 Ducis
1107 2971 1272 3054 audisti?)
1302 2977 1334 3034 51
1361 2968 1396 3032 15
1425 2970 1564 3034 carmine
1588 2972 1638 3053 (3,
1656 2974 1686 3048 6,
1709 2973 1770 3058 13)
1793 2975 1881 3040 facto

518 3098 546 3143 5.
563 3077 627 3141 726
651 3076 696 3161 (v.
721 3077 895 3161 ad4‚17):
923 3099 1024 3159 poene
1049 3085 1235 3159 occupatam
1263 3076 1473 3139 seditionibus
1504 3077 1619 3139 deleuit
1640 3079 1747 3141 urbem
1769 3080 1881 3145 Decus

519 3191 549 3243 51
572 3185 739 3263 Aethiops,
769 3186 820 3246 hie
844 3184 948 3246 classe
969 3184 1174 3263 formidatus,
1204 3184 1257 3243 illc
1281 3182 1456 3243 missilibus
1479 3183 1591 3243 melior
1613 3184 1755 3261 sagittis.
1800 3185 1883 3249 lude

506 3292 546 3346 a.
564 3285 629 3348 724
646 3305 692 3367 sq.
718 3286 759 3350 M.
777 3287 909 3349 Crassus
935 3284 1053 3347 bellum
1078 3284 1176 3365 gessit
1199 3290 1307 3368 contra
1323 3283 1424 3346 Dacos
1441 3282 1585 3365 aliasque
1601 3292 1709 3365 gentes
1724 3286 1881 3352 finitimas

519 3387 594 3469 (Dio
611 3388 662 3462 51,
680 3388 737 3472 23)
761 3388 1032 3473 triumphauitque
1057 3408 1084 3451 5.
1102 3388 1133 3450 d.
1150 3408 1183 3454 ιν
1200 3407 1272 3451 555.
1289 3388 1349 3451 151.
1365 3408 1393 3453 a.
1407 3389 1470 3452 727
1495 3410 1535 3451 ee
1555 3389 1708 3453 Thraecia
1723 3402 1753 3454 et
1770 3394 1881 3457 Geteis

520 3491 600 3573 (tab.
622 3491 800 3577 triumph).
839 3494 906 3569 Quo
926 3500 1009 3557 recte
1026 3492 1151 3556 videtur
1171 3491 1332 3556 rettulisse
1349 3492 1570 3557 Lachmannus
1591 3494 1691 3577 (apud
1706 3488 1882 3560 Frankiurn

519 3594 591 3658 fast.
616 3594 690 3661 Hor.
714 3618 745 3681 p.
759 3596 838 3679 240)
869 3597 973 3661 locum
997 3597 1121 3661 Horatii
1144 3597 1178 3659 in
1202 3597 1340 3660 carmine
1364 3598 1409 3680 (3,
1432 3598 1538 3679 8,18)
1562 3591 1677 3681 scripto
1702 3618 1726 3660 e.
1750 3618 1777 3661 a.
1796 3601 1881 3663 725:

521 3702 637 3764 occidit
653 3702 734 3765 Daci
752 3703 915 3767 Cotisonis
940 3686 1050 3784 595555
1075 3702 1130 3785 (51.
1147 3721 1242 3765 carm.
1262 3701 1362 3777 2,20,
1381 3702 1448 3785 17).
1495 3701 1563 3765 Non
1587 3700 1748 3765 desierunt
1770 3709 1881 3767 tamen

519 3813 644 3889 propter
675 3805 756 3871 hanc
784 3806 947 3871 victoriam
977 3806 1134 3870 Dacorum
1163 3803 1374 3883 incursiones,
1410 3814 1494 3868 certe
1523 3804 1634 3867 Florus
1651 3807 1687 3881 2,
1705 3806 1763 3869 28:
1796 3809 1883 3871 Deci

517 3911 673 3975 montibus
696 3913 880 3985 7575555557,
903 3912 975 3974 iude
993 3912 1156 3975 Cotisonis
1180 3913 1267 3991 repis
1291 3912 1433 3990 imperio,
1458 3912 1604 3990 quotieas
1627 3920 1791 3973 concretus
1806 3915 1884 3991 palu

519 4017 682 4078 Danuuius
710 4018 858 4077 iuueerot
880 4017 988 4095 ripas,
1022 4018 1188 4077 decurrere
1211 4013 1356 4077 solebant
1384 4022 1414 4074 et
1442 4016 1549 4076 uicina
1569 4016 1731 4094 populari.
1779 4013 1882 4098 Expe-

519 4117 671 4182 ditionem
700 4118 871 4192 eiuemodi,
896 4118 950 4182 sed
974 4118 1076 4181 solitis
1105 4117 1206 4199 magis
1237 4114 1471 4179 formidolosam
1495 4118 1636 4181 fecerunt
1659 4138 1686 4180 a.
1703 4120 1785 4193 744,
1817 4139 1883 4201 quo

520 4222 714 4287 rebellarunt
742 4243 815 4287 eum
842 4222 877 4286 in
906 4241 940 4286 eo
971 4232 1055 4287 esset
1083 4232 1119 4286 ut
1147 4221 1218 4285 Iani
1246 4220 1401 4304 templum
1431 4220 1643 4297 clauderetur,
1673 4229 1754 4285 teste
1778 4222 1882 4287 Dione

519 4329 586 4401 (54,
605 4327 676 4406 36>=
706 4327 734 4389 οἱ
756 4326 848 4389 Δάκοι
876 4326 925 4388 τὸν
942 4324 1055 4411 Ἴστρον
1084 4323 1241 4409 πεπηγότα
1271 4325 1428 4411 διαβάντες
1456 4324 1537 4387 λείαν
1569 4325 1602 4386 ἐκ
1631 4329 1684 4407 τῆς
1715 4324 1881 4397 Παννονίας

519 4430 710 4515 ἀπετέμοντο.
750 4429 972 4494 Η155515155
996 4428 1092 4492 dubio
1116 4429 1283 4505 exereitus,
1308 4430 1582 4512 quem-Augustus
1605 4427 1638 4489 in
1654 4431 1882 4494 commentario

520 4534 631 4599 scribit
652 4554 707 4618 per
730 4533 849 4597 bellum
864 4533 1080 4597 Pannonicum
1096 4554 1124 4596 a.
1138 4535 1318 4597 742-745
1335 4533 1499 4596 transiisse
1515 4532 1697 4595 Danuvium
1714 4541 1745 4596 51
1760 4533 1881 4598 victum

437 4651 441 4657 “
519 4658 589 4701 5555
612 4638 644 4699 15
668 4637 738 4721 ripa
760 4638 881 4703 dextra.
922 4639 1049 4713 Postea,
1072 4643 1110 4700 ut
1131 4636 1216 4701 idem
1239 4639 1401 4717 Augustus
1425 4636 1479 4711 ait,
1503 4636 1623 4701 missus
1646 4637 1802 4700 exercitus
1820 4637 1880 4701 Ro-

519 4762 633 4805 manus
662 4748 749 4806 trans
780 4741 964 4806 Danuvium
992 4740 1094 4805 Dacos
1130 4740 1265 4818 domuit3
1304 4739 1395 4803 euius
1429 4739 1640 4823 expeditionis
1668 4740 1882 4804 meminerunt

519 4854 681 4930 praeterea
710 4847 743 4908 ni
771 4845 864 4909 fallor
894 4844 1006 4908 Strabo
1040 4845 1211 4908 Suetonius
1237 4844 1359 4908 Florus.
1405 4844 1445 4907 Et
1474 4843 1588 4907 Strabo
1618 4844 1746 4927 quidem
1774 4854 1883 4908 narrat

521 4951 567 5035 (7,
586 4952 615 5026 3,
636 4953 685 5012 11.
705 4952 754 5013 12.
775 4952 815 5013 13
839 4970 868 5033 p.
881 4950 956 5013 304.
973 4948 1053 5031 305)
1081 4949 1295 5013 Boerebistam
1323 4948 1473 5011 Getarum
1498 4946 1667 5032 imperium
1697 4954 1878 5011 assecutum

521 5054 660 5119 validum
690 5052 736 5118 ibi
763 5074 896 5137 regnum
921 5053 1124 5117 constituisse
1147 5060 1271 5116 etcum
1300 5052 1432 5115 haberet
1460 5057 1653 5117 armatorum
1681 5051 1721 5115 ad
1743 5051 1881 5115 ducenta

520 5160 619 5237 milia,
644 5180 737 5244 saepe
760 5157 943 5223 Danuvium
965 5157 1134 5223 transiisse
1154 5162 1187 5221 51
1207 5154 1372 5238 Illyricum
1394 5176 1487 5222 omne
1510 5163 1543 5221 et
1562 5154 1777 5221 Macedoniam
1801 5154 1878 5219 adeo
