4400 6175
1194 719 1294 784 11,Ῑῖ

1115 929 1270 1036 onnus
1293 971 1376 1038 vlu

641 1102 705 1148 nar.
724 1084 783 1164 2‚1
817 1081 1034 1147 Patriciorum
1062 1105 1233 1147 numerum
1262 1085 1336 1147 auxi
1373 1084 1486 1148 consul
1516 1084 1663 1168 quintum
1691 1084 1782 1148 iussu
1809 1084 1908 1170 populi

817 1201 850 1259 et
872 1204 1049 1261 senatust

626 1326 673 1374 cu.
690 1309 722 1389 4,
737 1325 781 1370 ss
815 1303 880 1369 Τῶν
903 1307 1061 1392 πατρικίων
1084 1309 1134 1371 τὸν
1158 1307 1282 1392 ἀριθμὸν
1310 1307 1450 1392 [fidique
1471 1308 1602 1394 πέμπτον
1631 1310 1639 1375 Ι
1668 1305 1786 1391 dunque
1806 1307 1910 1392 proph]

756 1437 785 1481 ιο
818 1421 871 1481 τοῦ
893 1441 926 1481 τε
950 1419 1048 1503 δήμου
1071 1419 1198 1502 καὶτῆς
1221 1419 1407 1502 συνκλήῐτου.

568 1532 661 1594 Anno
683 1549 714 1592 u.
732 1550 757 1592 c.
776 1529 854 1606 725,
888 1547 950 1611 quo
974 1528 1084 1592 consul
1114 1528 1176 1592 fuit
1198 1529 1362 1612 quintum,
1393 1531 1508 1594 Caesar
1530 1527 1733 1614 patriciorum
1756 1547 1909 1591 numerum
2001 1590 2002 1593 ,

568 1633 657 1697 auxit
680 1632 769 1716 (Tac.
787 1653 857 1696 ann.
878 1635 928 1709 11,
947 1632 998 1696 25.
1022 1631 1082 1695 Dio
1099 1633 1152 1708 52,
1169 1633 1244 1716 42).
1299 1633 1384 1698 Fecit
1405 1634 1440 1698 id
1467 1634 1577 1698 tabula
1598 1639 1679 1698 teste
1702 1636 1793 1696 iusso
1811 1632 1912 1712 popuii

568 1748 599 1802 et
627 1747 773 1816 senatus,
803 1735 925 1800 scilicet
953 1755 992 1798 ex
1021 1735 1090 1817 lege
1114 1734 1230 1800 Saenia
1259 1736 1354 1820 (Tac.
1379 1737 1399 1800 l.
1421 1738 1474 1821 a),
1507 1757 1602 1819 quam
1630 1736 1706 1800 tulit
1735 1737 1803 1800 sine
1825 1729 1910 1797 dubio

567 1841 602 1907 L.
620 1840 752 1904 Saenius
776 1840 886 1904 consul
909 1860 965 1924 per
988 1859 1114 1903 menses
1129 1839 1207 1904 Nou.
1225 1846 1257 1903 et
1273 1840 1344 1903 Dec.
1370 1862 1398 1906 a.
1415 1841 1489 1916 724,
1514 1846 1546 1907 et
1569 1861 1607 1903 ex
1631 1837 1912 1904 senatusconsulto

568 1945 701 2009 aDione
726 1944 781 2027 qui
805 1943 843 2007 de
867 1944 935 2026 lege
958 1949 1041 2007 tacet
1064 1950 1306 2008 commemorato
1330 1945 1367 2027 (l.
1386 1967 1412 2008 c.
1436 1949 1488 2026 τῆς
1511 1946 1623 2031 βουλῆς
1645 1944 1674 2005 οἱ
1696 1944 1789 2027 δῆθεν
1813 1943 1910 2026 irrupe-

568 2050 666 2136 ψάσης
689 2053 774 2112 τοῦτο
797 2047 944 2131 ποιῆσαι),
970 2067 1031 2129 quo
1056 2047 1094 2111 de
1119 2069 1156 2111 ea
1177 2068 1212 2110 re
1236 2047 1275 2110 ad
1298 2047 1400 2130 legem
1423 2047 1511 2110 illam
1527 2047 1718 2132 perficienda
1739 2046 1911 2118 cavebatur3

567 2173 641 2216 nam
664 2159 735 2236 post
757 2152 858 2234 legem
881 2151 978 2215 latam
1003 2151 1131 2216 demum
1145 2153 1265 2217 facturn
1285 2173 1354 2216 esse
1370 2158 1498 2216 senatus
1514 2151 1692 2216 consultum
1707 2171 1819 2234 neque,
1843 2166 1913 2230 quac

569 2255 725 2318 sententia
747 2260 795 2318 est
818 2254 967 2339 Zumptii,
991 2255 1094 2337 legem
1116 2255 1215 2319 latam
1238 2275 1308 2319 esse
1331 2278 1369 2318 ex
1393 2255 1450 2318 hoc
1471 2278 1496 2319 s.
1519 2278 1544 2319 c.
1570 2255 1707 2319 ostendit
1728 2253 1838 2318 tabula
1860 2252 1912 2312 dn·

568 2379 693 2442 cyrana
740 2359 992 2424 Consentaneum
1016 2365 1122 2424 autem
1145 2365 1194 2424 est
1215 2360 1285 2442 lege
1307 2359 1373 2422 lata
1396 2380 1423 2424 a.
1441 2361 1505 2422 724
1535 2365 1674 2422 extremo
1697 2360 1859 2422 Caesarem
1879 2352 1913 2415 ad
2001 2394 2002 2397 κ

568 2463 716 2548 patricios
740 2462 890 2528 creandos
912 2483 975 2528 non
999 2463 1170 2528 accessisse
1193 2470 1266 2527 ante
1290 2468 1442 2527 aestatem
1458 2483 1485 2526 a.
1500 2464 1574 2540 725,
1598 2482 1660 2546 quo
1675 2468 1816 2546 tempore
1830 2456 1914 2521 rediit
2001 2512 2002 2533 q

569 2569 711 2631 Romam.
737 2605 778 2613 —
804 2567 949 2630 Ceterum
974 2567 1058 2649 quod
1082 2567 1194 2630 scribit
1208 2566 1268 2631 Dio
1285 2567 1353 2650 (49,
1370 2567 1428 2651 43)
1452 2572 1545 2630 antea
1565 2567 1629 2630 iarn
1653 2587 1680 2629 a.
1696 2587 1729 2632 u.
1742 2587 1769 2628 c.
1785 2565 1842 2628 721
1867 2579 1914 2644 pa-

568 2671 676 2735 tricios
697 2693 715 2734 a
736 2672 869 2735 Caesare
894 2670 1031 2734 adiectos
1056 2691 1135 2746 esse,
1160 2670 1245 2734 haud
1268 2671 1332 2735 scio
1356 2691 1397 2734 an
1420 2676 1503 2734 recte
1524 2669 1698 2734 tradiderit.
1742 2667 1914 2746 Reiragatur

568 2774 655 2838 enim
676 2775 744 2858 ipse
762 2777 934 2856 Augustus,
959 2774 1015 2856 qui
1038 2773 1213 2837 secundum
1236 2762 1331 2837 huius
1354 2773 1572 2838 commentarii
1592 2772 1777 2836 institutum
1791 2769 1830 2833 dc
1845 2766 1914 2829 eius

568 2879 654 2943 modi
682 2877 798 2961 negotii
827 2877 1013 2962 repetitione
1042 2885 1146 2942 tacere
1175 2897 1239 2942 non
1263 2878 1388 2955 debuit3
1417 2879 1590 2960 refragatur
1613 2876 1743 2940 Tacitus
1766 2875 1788 2938 l.
1805 2893 1841 2948 c.,
1867 2866 1915 2931 ubi

569 2981 736 3048 Claudium
760 2981 870 3044 scribit
892 2980 1041 3066 patricios
1064 2981 1180 3064 legisse
1203 2982 1314 3067 paucis
1336 2982 1401 3046 iam
1424 2981 1556 3064 reliquis
1576 2980 1772 3045 familiarum
1794 2979 1916 3040 vetusta·

568 3108 648 3163 rum,
673 3089 838 3151 caderetis
862 3090 967 3166 etiam,
991 3106 1071 3168 quar
1095 3089 1236 3151 dictator
1259 3088 1382 3151 Cacsar
1405 3090 1473 3168 iege
1499 3087 1615 3151 Cassia
1637 3094 1669 3149 ct
1688 3088 1842 3167 princeps
1863 3078 1918 3142 Aa

568 3200 680 3274 gastus
705 3194 772 3272 lega
797 3191 915 3253 Saenia
942 3192 1125 3271 subrepam
1154 3191 1328 3273 refragatur
1357 3190 1494 3273 denique
1522 3190 1594 3275 ipsa
1621 3209 1681 3252 res.
1722 3186 1807 3251 Nam
1828 3181 1917 3249 initiis
2001 3215 2002 3218 ¹

569 3294 766 3378 principatus
790 3299 920 3377 apparet
942 3292 1011 3377 ipso
1034 3292 1103 3356 iure
1130 3293 1320 3358 creationem
1349 3294 1430 3357 hanc
1455 3294 1591 3378 principi
1619 3312 1681 3357 non
1705 3312 1777 3355 esse
1799 3284 1917 3375 permis·

569 3416 648 3472 sam,
673 3396 729 3459 scd
753 3415 831 3480 opus
854 3396 953 3459 fuisse
977 3396 1017 3459 ad
1040 3417 1110 3460 eam
1132 3418 1199 3461 rem
1221 3396 1398 3481 privilegio,
1423 3397 1531 3480 qualia
1545 3398 1673 3461 fuerunt
1686 3394 1919 3459 commemorata

570 3501 591 3564 l.
608 3521 633 3563 c.
659 3521 678 3563 a
700 3498 824 3575 Tacito,
855 3520 912 3563 nec
935 3499 1060 3584 patricii
1090 3500 1166 3564 facti
1189 3499 1337 3564 videntur
1364 3522 1384 3564 a
1413 3500 1610 3585 principibus
1634 3499 1767 3564 Claudio
1798 3493 1918 3561 anterio·
2001 3585 2002 3592 ἵ

568 3604 657 3668 ribus
681 3604 744 3668 nisi
767 3603 890 3667 duabus
913 3602 979 3667 illis
1002 3603 1213 3668 creationibus
1236 3604 1391 3669 institutis
1414 3604 1600 3686 exlegibus
1623 3604 1733 3668 Cassia
1754 3609 1788 3667 et
1804 3597 1917 3666 Saenia.
2001 3599 2002 3668 ζ

570 3709 709 3785 Quocum
725 3713 808 3772 recte
829 3706 976 3771 convenit
996 3706 1079 3791 quod
1100 3707 1135 3771 in
1155 3706 1258 3771 titulis
1279 3707 1455 3771 honorariis
1475 3708 1515 3770 iis
1538 3708 1595 3790 qui
1618 3706 1821 3791 patriciorum
1837 3703 1918 3766 allec·

569 3812 688 3876 tionem
711 3817 956 3876 commemorant
978 3830 1041 3875 non
1055 3811 1216 3875 invenitur
1237 3812 1322 3895 quod
1339 3812 1438 3877 sciam
1453 3811 1623 3896 imperator
1638 3811 1799 3894 antiquior
1813 3808 1919 3890 Vespa·

571 3918 659 3981 siano
684 3916 828 4001 (Henuen
840 3916 992 3999 nosco).
1031 3915 1184 3981 Claudius
1201 3916 1284 3980 sicut
1298 3922 1379 3981 teste
1395 3916 1668 3981 senatusconsulto
1683 3916 1722 3980 de
1733 3911 1919 3999 Vespasiano

456 4069 461 4084 .
569 4020 757 4103 imperatore
780 4020 913 4087 creando
937 4020 1058 4105 primus
1082 4019 1229 4096 obtinuit,
1253 4025 1290 4084 ut
1313 4020 1375 4084 sibi
1400 4026 1431 4084 et
1453 4020 1602 4105 deinceps
1623 4018 1739 4083 futuris
1762 4018 1921 4103 imperato-
2001 4093 2002 4106 2

571 4122 659 4187 ribus
685 4125 860 4207 pomerium
886 4124 1024 4208 proferre
1048 4123 1166 4199 liceret,
1198 4124 1345 4188 similiter
1367 4124 1491 4208 primus
1513 4123 1571 4187 hoc
1593 4124 1719 4188 videtur
1742 4119 1919 4188 obtinuisse,
2001 4133 2002 4210 p

571 4231 607 4289 ut
628 4226 679 4289 ius
702 4226 904 4311 patriciorum
928 4225 1135 4291 creandorum
1164 4247 1236 4291 cum
1259 4227 1439 4312 principatu
1461 4227 1710 4311 coniungeretur.
1758 4223 1848 4304 Quod
1869 4219 1921 4284 Dio
2001 4241 2002 4288 1

571 4326 696 4394 videtur
709 4330 870 4413 ignorasse
887 4351 1024 4415 suaeque
1048 4330 1161 4395 aetatis
1185 4331 1455 4407 consuetudinem,
1480 4352 1544 4414 qua
1558 4331 1729 4416 imperator
1744 4335 1821 4414 quot
1836 4324 1923 4391 vellet

572 4434 760 4517 quandoque
775 4434 873 4498 vellet
887 4434 1034 4519 patricios
1051 4436 1153 4498 facere
1169 4440 1300 4519 poterat,
1319 4435 1402 4499 male
1417 4434 1539 4499 rettulit
1554 4436 1594 4500 ad
1610 4443 1746 4501 aetatem
1762 4428 1903 4515 Augusti·

610 4742 674 4786 urr.
693 4724 722 4801 2,
740 4743 783 4787 12
816 4721 981 4795 Senaltum
1003 4733 1053 4788 ter
1075 4723 1152 4810 legi.

646 4854 693 4901 cu.
709 4837 740 4917 4,
757 4855 785 4899 ιο
818 4833 894 4920 [Τὴν
919 4836 1089 4921 σόν]κλητον
1114 4838 1175 4921 τρὶς
1198 4836 1336 4906 dsibeke.

573 4945 742 5011 Suetonius
765 4949 844 5029 Aug.
858 4947 914 5011 35:
947 4957 1130 5012 senatorum
1159 4948 1338 5029 affluentem
1366 4970 1523 5013 numerum
1550 4951 1685 5030 deformi
1714 4957 1745 5011 at
1766 4943 1926 5009 incondito

573 5052 667 5114 turba
690 5058 798 5128 (arant
821 5054 901 5114 enim
923 5073 1020 5134 super
1041 5054 1126 5115 mille
1149 5061 1178 5115 et
1202 5054 1330 5133 quidam
1352 5055 1566 5134 indignissimi
1589 5062 1619 5116 et
1638 5060 1715 5134 post
1730 5070 1835 5113 necem
1854 5047 1925 5110 cae-

571 5158 659 5219 saris
679 5177 739 5238 per
759 5157 898 5237 qratiam
920 5165 951 5221 et
970 5159 1146 5238 proemium
1169 5157 1296 5237 adiecti,
1320 5176 1400 5238 quos
1424 5163 1551 5222 orciuos
1574 5159 1687 5237 uulgus
1709 5154 1864 5226 uocabat)
1887 5147 1926 5211 cd
