4400 6175
512 729 555 790 44
1097 728 1145 794 111,
1162 728 1197 784 35
1210 757 1243 766 -
1257 729 1291 784 39

2033 835 2035 928 l

514 905 558 966 od
579 905 764 988 o(erariam)
781 906 927 989 dettalit),
951 925 1015 969 non
1037 910 1122 968 reate
1146 904 1230 969 enim
1246 903 1438 987 Borghesius
1455 924 1529 989 opp.
1545 905 1577 982 2,
1593 904 1657 970 385
1681 905 1759 970 haee
1773 907 1874 970 verba

513 1007 635 1092 aceepit
657 1008 696 1072 de
719 1009 853 1092 peounia
874 1009 1060 1085 manubiali,
1090 1027 1162 1072 oum
1184 1009 1263 1073 haee
1285 1029 1348 1072 non
1370 1008 1529 1073 deleratur
1552 1009 1594 1074 ad
1617 1008 1783 1086 aerarium,
1814 1008 1871 1072 sed

513 1111 595 1197 opud
624 1113 846 1198 imperatorem
872 1119 1034 1177 remaneat
1064 1112 1153 1197 (Liv.
1175 1114 1225 1189 10,
1251 1113 1401 1195 46,14);
1432 1113 1559 1178 tertium
1585 1134 1615 1176 u.
1637 1133 1664 1179 o.
1686 1106 1766 1191 742,
1798 1133 1871 1176 eum

512 1217 609 1282 Asiae
637 1217 817 1302 provinciae
852 1224 954 1282 terrae
986 1213 1126 1282 motibus
1160 1235 1330 1289 concussae
1358 1216 1427 1280 eius
1456 1217 1532 1280 anni
1560 1217 1717 1282 tributum
1745 1215 1785 1280 de
1812 1236 1871 1281 suo

512 1321 631 1384 aerario
654 1321 764 1385 intulit
785 1321 860 1406 (Dio
876 1323 928 1397 54,
946 1321 1014 1404 30).
1061 1320 1151 1397 Quod
1174 1321 1202 1384 si
1225 1341 1298 1384 vere
1320 1319 1399 1384 Asia
1420 1319 1583 1405 provincia
1605 1338 1745 1385 annuum
1768 1319 1869 1384 tribu-

510 1433 580 1490 tum
614 1427 772 1511 pendebat
803 1425 995 1491 talentorum
1031 1431 1180 1508 quattuor
1209 1423 1336 1488 milium
1371 1424 1527 1509 (Appian.
1552 1422 1659 1490 Mithr.
1683 1424 1741 1503 62;
1783 1423 1868 1487 Plut

513 1529 593 1594 Sull.
606 1531 659 1607 25,
683 1531 807 1607 15554,
831 1528 1016 1612 Marquardt
1027 1529 1058 1606 3,
1075 1530 1105 1604 2,
1126 1528 1207 1610 215)
1229 1528 1297 1592 sive
1320 1528 1501 1592 sestertium
1516 1529 1724 1605 96,000,000,
1749 1527 1868 1610 quade

510 1655 544 1698 re
567 1635 635 1698 iure
656 1640 759 1718 potest
781 1633 930 1711 dubitari,
954 1632 1055 1696 maior
1076 1653 1151 1716 pars
1171 1651 1314 1696 summae
1336 1632 1434 1696 totius
1449 1631 1630 1697 sestertium
1649 1631 1869 1708 150,000,000

510 1744 636 1820 erogata
657 1744 726 1802 tum
749 1743 798 1802 est
819 1757 876 1822 pro
900 1733 979 1800 Asia
1001 1734 1174 1819 provincia.
1220 1733 1427 1799 Praeinerunt
1450 1741 1554 1799 autern
1587 1735 1707 1799 aerario
1729 1734 1868 1817 Augusti

510 1851 650 1927 ternpore
675 1842 713 1905 ad
738 1863 861 1906 annum.
879 1863 909 1909 u.
929 1862 955 1904 a.
976 1819 1039 1904 726
1064 1845 1258 1923 quaestores,
1282 1839 1396 1905 deinde
1419 1840 1460 1904 ad
1482 1859 1511 1906 5.
1529 1839 1591 1904 731
1617 1837 1767 1923 praetorii
1786 1838 1868 1919 bini,

511 1967 584 2011 mox
602 1945 670 2010 bini
691 1951 849 2030 praetores
872 1943 1072 2028 (Merquardt
1088 1944 1119 2020 2,
1136 1943 1167 2020 3,
1182 1943 1273 2023 256),
1295 1943 1381 2008 unde
1397 1946 1561 2027 Augustus
1584 1943 1661 2007 satis
1684 1941 1798 2007 habuit
1812 1963 1869 2007 eos

510 2051 710 2128 indicavisse,
736 2049 791 2133 qui
814 2049 935 2114 aerario
957 2052 1152 2134 praeessent.

518 2548 585 2593 sir.
598 2529 630 2610 3,
645 2547 674 2592 55
689 2548 719 2592 55
750 2529 797 2592 Et
818 2528 867 2594 Μ.
878 2526 1027 2614 Lep[ido]
1048 2533 1055 2599 Ι
1079 2536 1112 2590 et
1125 2525 1166 2591 L.
1178 2476 1353 2612 llr[ru]ntio
1370 2548 1438 2590 ees.
1461 2525 1502 2610 i[rr
1525 2524 1695 2610 aprutium
1717 2525 1867 2608 militare,

691 2656 720 2704 55
754 2638 843 2724 quod
866 2662 906 2704 ex
929 2639 1065 2706 oonsilio
1088 2638 1175 2725 [meo]
1195 2643 1203 2708 Ι
1227 2637 1457 2724 oo[asrira]rum
1479 2646 1541 2717 est,
1563 2659 1605 2700 ex
1623 2635 1705 2721 [quo]
1724 2638 1868 2721 praemia

689 2772 718 2818 ae
752 2750 907 2816 darentur
921 2750 1089 2833 militibus,
1112 2751 1168 2834 qui
1182 2750 1322 2836 vi[ee}n[a
1336 2753 1342 2820 Ι
1356 2748 1499 2834 plurave]
1514 2747 1697 2833 sti[peadio]
1711 2749 1867 2814 emeruis-

688 2884 717 2928 ea
750 2871 833 2944 sent,
855 2883 897 2926 sss
919 2862 1057 2928 milliens
1073 2871 1107 2928 et
1121 2861 1400 2961 septing[e]nti[eas
1417 2869 1423 2931 Ι
1444 2863 1492 2924 Τι’.
1504 2860 1658 2926 Caesarie
1674 2859 1819 2946 aoma]n[a
1835 2871 1866 2924 at

749 2974 826 3060 m]eo
850 2973 977 3044 detuli!

666 3108 713 3153 55.
748 3092 856 3153 lateat.

505 3200 650 3265 Praemia
672 3200 806 3265 militiae
829 3220 857 3263 a.
872 3202 933 3263 741
952 3200 1117 3281 Augustus
1135 3198 1186 3261 ita
1207 3196 1374 3273 ordinavit,
1397 3203 1435 3259 ut
1456 3201 1530 3281 post
1544 3194 1691 3260 duodena
1704 3194 1866 3279 stipendia

505 3304 716 3389 praetoriani,
755 3309 827 3387 post
855 3323 932 3367 sene
965 3302 1047 3365 dena
1081 3300 1248 3384 legionarii
1276 3300 1511 3365 dimitterentur
1537 3305 1686 3382 certaque
1710 3298 1866 3384 peouniae

505 3430 639 3485 summa,
662 3408 730 3473 illis
752 3406 863 3483 maior,
892 3406 942 3471 his
965 3406 1077 3482 minor,
1107 3404 1206 3469 simul
1227 3412 1446 3469 numeraretur
1469 3404 1545 3489 (Dio
1560 3405 1613 3482 55,
1630 3403 1699 3487 25).
1738 3403 1786 3467 Ε5
1805 3422 1864 3487 per

504 3532 603 3575 annos
620 3513 694 3576 747.
712 3512 787 3576 748.
804 3514 822 3575 7
826 3511 979 3575 50-752
1002 3509 1161 3576 veteranis
1184 3509 1224 3573 ab
1249 3509 1388 3574 exercitu
1412 3509 1542 3574 domum
1565 3509 1708 3573 dimissis
1728 3528 1803 3572 vere
1823 3508 1865 3572 de

504 3623 669 3682 numerato
685 3617 789 3681 soluta
804 3623 879 3682 sunt
894 3618 938 3702 (v.
953 3617 983 3693 3,
997 3618 1039 3681 28
1052 3616 1128 3700 sq.).
1167 3615 1212 3679 At
1233 3619 1289 3679 aut
1303 3614 1515 3699 praemiorum
1529 3611 1707 3678 numeratio
1722 3616 1777 3677 aut
1791 3611 1865 3697 ipsa

502 3728 722 3787 veteranorum
751 3720 895 3786 dimissio
919 3742 976 3784 neo
1000 3720 1109 3785 statim
1133 3724 1244 3804 eoepta
1266 3724 1315 3782 est
1337 3725 1369 3781 et
1394 3739 1469 3783 mox
1491 3718 1678 3803 interrupta,
1708 3716 1862 3781 exhausto

507 3828 628 3891 aerario
658 3827 768 3911 opinor
795 3846 851 3909 per
880 3824 980 3901 bella,
1010 3846 1091 3908 quae
1115 3846 1171 3908 per
1200 3844 1228 3886 5.
1250 3823 1431 3887 742-746
1454 3843 1474 3885 5
1496 3821 1623 3886 Tiberio
1647 3827 1678 3885 et
1700 3820 1803 3884 Druso
1825 3819 1862 3884 in

502 3932 665 3995 Pannonia
695 3928 944 4011 Germaniaque,
974 3929 1013 3993 ab
1045 3950 1072 3991 5.
1090 3927 1154 3992 753
1179 3948 1199 3991 5
1221 3928 1254 3992 C.
1277 3928 1410 3991 Caesare
1440 3926 1473 3989 in
1503 3924 1631 3989 Oriente
1661 3924 1861 4007 gerebantur,

503 4056 575 4098 oum
603 4035 678 4097 anni
706 4033 887 4098 intermedii
915 4034 980 4097 fere
1009 4031 1113 4117 paoati
1141 4038 1256 4097 essent.
1302 4031 1339 4095 ld
1362 4051 1432 4094 oum
1469 4050 1560 4111 aegre
1588 4029 1707 4091 ferrent
1727 4026 1860 4104 milites,

503 4142 669 4221 querentes
692 4144 853 4221 praeterea
882 4137 920 4200 de
943 4136 1155 4221 praemiorum
1185 4134 1356 4217 exiguitate
1384 4141 1416 4197 et
1445 4140 1518 4218 post
1548 4131 1679 4196 emerita
1701 4131 1863 4217 stipendia

502 4240 541 4305 ad
564 4239 716 4304 vexillum
741 4261 774 4303 se
798 4260 997 4304 remansuros
1020 4244 1182 4322 negantes,
1206 4240 1369 4321 Augustus
1393 4258 1421 4301 a.
1442 4259 1474 4300 u.
1491 4259 1516 4301 o.
1535 4236 1599 4301 758
1623 4235 1797 4312 constituit,
1821 4242 1862 4300 ut

501 4342 707 4428 praetorianis
730 4350 802 4428 post
824 4364 900 4407 sena
923 4343 1005 4407 dena
1028 4342 1188 4429 stipendia
1210 4342 1341 4406 emerita
1362 4338 1585 4406 vioena‘milia
1599 4339 1790 4416 sestertium,
1814 4340 1861 4403 le·

501 4447 650 4529 gionariis
680 4456 751 4533 post
780 4448 892 4511 vioena
921 4446 1080 4532 stipendia
1115 4446 1261 4512 duodena
1289 4445 1380 4510 milia
1401 4445 1584 4509 sestertium
1606 4449 1858 4519 numerarentur,

501 4550 721 4634 consuluitque
746 4558 891 4615 senatum
914 4551 952 4615 de
976 4550 1132 4615 reditibus
1153 4551 1243 4618 novis
1264 4549 1490 4631 excogitandis,
1513 4547 1599 4612 unde
1618 4547 1760 4633 praemia
1779 4546 1860 4611 haee

500 4656 761 4741 persolverentur.
797 4654 858 4731 Qui
874 4654 973 4718 donee
988 4654 1210 4739 reperirentur,
1228 4653 1329 4718 5759
1344 4654 1386 4717 Μ.
1400 4652 1518 4737 Lepido
1534 4659 1566 4716 et
1580 4652 1615 4716 L.
1627 4651 1777 4717 Arruntio
1794 4669 1859 4714 eos.

499 4761 569 4845 ipse
593 4778 649 4823 suo
671 4757 856 4841 Tiberiique
879 4758 1007 4824 nornine
1029 4756 1199 4843 pecuniam
1221 4757 1332 4821 intulit
1352 4757 1387 4819 in
1409 4756 1566 4819 aerarium
1589 4755 1673 4839 quod
1695 4760 1771 4819 tono
1794 4752 1862 4818 diei

500 4869 645 4948 coeptum
658 4867 707 4925 est
720 4861 860 4928 militare
876 4862 1053 4947 (ἐσήνεγκεν
1071 4863 1088 4925 b
1100 4860 1274 4945 Αὔγουστος
1288 4862 1432 4946 χρήματα
1447 4862 1498 4923 καὶ
1513 4862 1588 4945 ὑπὲρ
1599 4861 1709 4942 ἑαυτοῦ
1719 4859 1770 4922 καὶ
1782 4858 1859 4943 ὑπὲρ

498 4974 551 5033 τοῦ
566 4964 703 5054 Τιβερίου
728 4966 760 5036 ἐς
782 4967 816 5031 τὸ
839 4974 968 5053 ’ταμιεῖον
992 4966 1074 5031 daal
1089 4966 1295 5051 στρατιωτικὸν
1311 4964 1506 5049 ἐπωνόμασε)
1528 4963 1626 5047 idque
1649 4962 1798 5047 deinceps
1822 4982 1860 5026 se

499 5073 656 5136 fauturum
678 5068 849 5155 spopondit
876 5070 948 5154 (aad
976 5075 1062 5134 τοῦτο
1085 5070 1151 5133 κατ’
1172 5067 1237 5137 ἔτος
1258 5068 1375 5153 πράξειν
1400 5067 1587 5154 ὑπέσχ5τ5);
1618 5066 1862 5131 oontr'ibnerunt

498 5183 605 5241 autom
620 5182 782 5261 praeterea
797 5174 953 5260 quaedam
967 5190 1057 5257 reges
1072 5174 1291 5257 eivitatesque,
1315 5191 1418 5255 neque
1431 5179 1539 5238 55555
1554 5169 1683 5257 privati,
1707 5169 1859 5253 quamvis
