4400 6175
569 695 631 767 1³2

1973 706 1979 769 l

566 892 597 957 p.
610 873 662 938 71.
715 867 950 954 Inscriptiouis,
981 886 1077 949 quam
1100 865 1199 932 refert
1220 861 1345 928 Plinius
1359 862 1391 937 3,
1408 859 1461 937 20,
1480 859 1558 935 136,
1575 858 1691 933 ,adhue
1717 861 1824 923 entant
1842 855 1907 918 Tor·

625 971 729 1042 ,biae
759 971 913 1055 reliquiae
943 969 1002 1034 hee
1034 967 1140 1036 editae
1167 973 1240 1053 post
1267 965 1348 1030 alios
1375 962 1553 1031 aoouratius
1583 961 1738 1030 aoomite
1760 958 1908 1044 Spitnlieri
1978 960 1979 963 ’

633 1077 692 1144 ·di
714 1076 840 1144 Cossole
865 1076 1031 1160 (memorie
1061 1070 1133 1140 deli
1157 1073 1340 1138 aooodomio
1361 1070 1396 1132 di
1422 1069 1538 1134 lorino
1562 1086 1621 1132 ser.
1634 1058 1654 1132 l
1677 1065 1740 1130 rol.
1752 1065 1771 1128 5
1794 1083 1820 1131 a
1835 1061 1907 1126 1843

655 1202 685 1265 p.
702 1182 762 1245 161
781 1183 860 1264 sq.):

731 1228 1982 1585 [lilluilffii

657 1577 737 1642 quae
761 1555 897 1641 scriptae
922 1560 997 1618 sunt
1019 1575 1129 1620 omnes
1158 1519 1273 1618 litteris
1297 1553 1371 1618 altis
1398 1576 1441 1619 m.
1466 1555 1542 1619 0.19
1572 1551 1741 1616 intervallo
1768 1551 1847 1616 inter
1865 1550 1906 1614 lit

655 1668 739 1724 teres
768 1658 877 1724 relicto
907 1681 950 1726 m.
974 1659 1066 1736 0409
1099 1657 1221 1722 aceedit
1247 1657 1458 1742 fragmentum
1487 1678 1558 1722 eum
1581 1680 1603 1720 Ν
1635 1655 1744 1722 littera
1772 1656 1837 1720 sola
1857 1655 1908 1718 alto

656 1786 699 1828 m.
724 1763 811 1829 0.36.
864 1764 1006 1846 Apparet
992 1760 1115 1826 theno
1139 1781 1304 1846 superesse
1332 1781 1371 1825 ex
1407 1760 1509 1846 primo
1538 1758 1626 1825 tituli
1654 1780 1765 1837 verso,
1793 1758 1906 1824 sortasse
1982 1752 1983 1757 ’

653 1890 694 1932 ex
715 1888 811 1942 nour,
842 1866 1019 1949 fragmenta
1040 1863 1098 1929 illa
1120 1864 1278 1949 pertinere
1301 1864 1341 1929 ad
1369 1885 1480 1930 versus
1508 1872 1677 1948 sequentes
1700 1863 1747 1928 sio
1768 1864 1830 1926 fere
1850 1882 1905 1926 eon·

655 1977 777 2056 septos:
1726 1959 1732 1967 ’

743 2081 868 2166 perflas
885 2079 1023 2163 alpin[ae
1040 2099 1146 2144 omnes
1172 2101 1252 2162 quoe
1268 2100 1289 2145 o
1303 2083 1386 2144 mori
1406 2100 1522 2161 supero
1539 2081 1583 2143 od
1604 2086 1636 2143 et
1651 2099 1682 2163 q.
1700 2100 1765 2163 seq.

812 2182 1009 2269 l]rumpili[m'
1031 2186 1177 2246 camunni
1199 2182 1364 2268 ue]rrosl[es
1387 2191 1576 2247 sennonem
1600 2189 1632 2247 et
1649 2203 1680 2267 q.
1698 2203 1764 2266 seq.

595 2355 597 2362 .
654 2297 853 2379 Quamquam
872 2292 996 2359 litterae
1019 2294 1100 2360 duae
1123 2319 1156 2359 nr
1172 2294 1334 2360 similesne
1351 2315 1432 2379 quae
1454 2300 1625 2361 cernuntur
1646 2317 1746 2381 supra
1763 2317 1837 2360 uosr
1851 2312 1899 2375 qno

655 2399 835 2485 pertineant
862 2397 1027 2466 nonsatis
1050 2407 1196 2484 apparet3
1225 2420 1301 2464 narn
1323 2399 1363 2464 ad
1385 2413 1518 2476 oureus,
1543 2419 1606 2483 quo
1632 2420 1673 2464 ex
1699 2398 1845 2467 vocabulo
1860 2416 1897 2460 eas

655 2525 821 2589 superesse
843 2511 901 2588 put
887 2509 935 2568 tat
959 2501 1171 2587 Spitslierius,
1204 2522 1269 2568 non
1291 2510 1425 2590 possunt
1411 2503 1559 2569 treforri
1580 2503 1645 2570 nisi
1666 2503 1777 2568 ordine
1798 2500 1900 2590 populo

653 2629 736 2685 rum,
760 2606 887 2692 qualem
909 2605 1008 2671 tradit
1029 2605 1170 2682 Plinius,
1200 2613 1322 2674 mutato
1351 2607 1613 2674 coniectura-
1642 2607 1810 2672 Praeterea
1828 2604 1903 2670 adno

580 2699 583 2708 ¹
652 2709 786 2776 tandum
808 2708 900 2776 luit
891 2729 925 2773 ιιι
948 2729 1023 2774 aron
1040 2708 1195 2792 Segusino
1218 2710 1376 2777 nominari
1399 2711 1544 2777 civitates
1569 2711 1828 2796 quattuordecim,
1848 2727 1905 2772 oum

652 2813 833 2900 quindecim
856 2813 957 2878 luisse
980 2813 1042 2878 oivi
1044 2820 1126 2878 tates
1150 2814 1312 2882 Cottianae
1334 2823 1432 2902 ponat
1454 2816 1590 2894 Plinius,
1615 2836 1656 2882 ex
1680 2811 1905 2900 quattuordecim

654 2917 849 2984 autemillis
873 2917 1015 3002 quinque
1039 2918 1229 3004 (Caturiges,
1259 2921 1421 3006 Egdieios,
1444 2921 1612 2999 Medullos,
1634 2918 1825 2996 Veaminios,
1844 2916 1906 2978 item

652 3021 865 3090 Vesubianios
894 3041 985 3087 arcus
1014 3020 1163 3106 Segusini
1191 3025 1245 3089 vix
1274 3025 1415 3092 diversos
1445 3025 1484 3091 ab
1508 3025 1682 3092 Esubianis
1709 3017 1906 3109 tropaeorum)

654 3128 813 3194 recenseri
841 3127 875 3191 in
907 3148 982 3191 eron
1004 3133 1148 3211 utroque.

717 3247 799 3313 Item
832 3266 871 3311 er
899 3246 992 3310 titulo
1023 3247 1144 3311 urbano
1175 3249 1232 3333 qui
1266 3250 1328 3315 luit
1356 3252 1490 3315 fortasse
1521 3270 1612 3315 arcus
1643 3245 1842 3334 triumphalis
1867 3261 1908 3304 su·

582 3422 585 3433 ¹
651 3359 784 3441 pereunt
818 3350 956 3417 frustula
988 3349 1066 3415 haee
1101 3350 1220 3437 scripta
1251 3353 1367 3419 litteris
1394 3353 1523 3440 optimis
1558 3353 1635 3418 olim
1665 3353 1766 3418 aereis
1796 3348 1908 3427 eiusque

651 3454 896 3541 magnitudinis,
929 3474 1023 3539 quam
1054 3454 1198 3521 indicant
1226 3459 1351 3525 numeri
1383 3458 1535 3543 adscripti
1565 3457 1769 3524 centimetris.
1818 3452 1909 3517 Iaoenl

652 3560 747 3623 hodie
771 3559 812 3625 ad
827 3560 944 3625 olivum
969 3559 1184 3644 Capitolinum
1206 3585 1288 3649 pone
1311 3564 1422 3629 aedem
1444 3562 1587 3642 Saturni3
1616 3582 1679 3645 quo
1708 3559 1775 3627 loeo
1798 3557 1908 3621 inventa

653 3664 718 3730 sint
742 3663 821 3731 oum'
837 3684 929 3729 nemo
952 3664 1122 3731 memoriae
1145 3667 1322 3746 tradiderit,
1346 3675 1453 3733 tantae
1475 3666 1569 3733 molis
1592 3671 1678 3744 sunt,
1706 3670 1744 3731 ut
1764 3660 1909 3727 eruderate

655 3766 813 3835 credenda
836 3768 900 3833 sint
921 3768 967 3833 ibi
989 3787 1096 3853 prope,
1121 3769 1177 3833 ubi
1202 3770 1295 3836 hodie
1319 3778 1436 3838 extant.

1143 3968 1191 4019 ope
1300 3969 1319 3993 r
