4400 6175
861 1187 1139 1314 [rorone.

919 1380 1068 1394 ..ιν-

699 1595 727 1670 Ι.
777 1591 1089 1672 CONSPEOTVS
1121 1593 1287 1670 RERVM

527 1747 571 1808 IN
594 1745 899 1806 counfflNTAltlo
925 1741 1112 1806 AVGVSTl
1138 1742 1457 1803 TRAOTATARVM

747 1869 804 1927 AD
826 1865 1018 1928 onomast
1039 1863 1235 1925 CAPITVM.

421 2063 534 2150 Capita
556 2070 592 2126 ut
614 2061 790 2126 clausulam
813 2061 978 2124 mittamus
1002 2065 1111 2123 auctor
1134 2058 1209 2122 lecit
1239 2057 1549 2140 trigintaquinque,
1589 2074 1671 2140 quas

307 2187 382 2230 cum
413 2165 524 2230 eadem
553 2165 619 2229 sint
649 2169 714 2228 tam
742 2164 776 2228 in
799 2161 920 2228 Latinis
951 2182 1046 2247 quarn
1077 2161 1111 2224 in
1134 2161 1262 2224 Graecis
1291 2180 1417 2224 summa
1445 2157 1671 2244 aequabilitate

309 2269 387 2354 (nisi
418 2268 501 2353 quod
532 2266 784 2332 additamentum
815 2266 931 2332 Graece
960 2264 1176 2342 continuatur,
1206 2287 1278 2330 cum
1308 2264 1419 2329 Latine
1449 2262 1610 2328 dividatur
1623 2263 1669 2326 *in

310 2373 416 2459 capita
432 2371 608 2458 quattuor),
626 2370 694 2436 iure
710 2371 884 2436 referentur
901 2368 939 2434 ad
955 2369 1061 2456 ipsum
1075 2370 1265 2452 Augustum.
1290 2369 1458 2452 Propterea
1473 2388 1529 2432 nos
1545 2383 1670 2450 quoque

313 2496 374 2540 non
407 2475 624 2540 dubitavimus
660 2473 834 2540 secundum
870 2495 908 2538 ea
941 2474 1201 2540 commentarium
1238 2471 1330 2537 edere
1357 2472 1498 2536 numeris
1527 2470 1668 2545 adiectis,

318 2598 505 2664 quamquam
536 2579 607 2664 ipsa
640 2578 755 2644 divisio
790 2599 901 2665 parum
937 2599 971 2642 se
1006 2578 1207 2644 commendat
1238 2597 1396 2661 saepeque
1427 2575 1536 2640 eodem
1567 2573 1669 2660 capite

317 2683 618 2770 comprehenduntur
649 2703 697 2746 res
727 2682 898 2749 admodum
921 2680 1074 2747 diversae.
1109 2719 1149 2728 -
1180 2679 1432 2746 Commentarius
1460 2679 1530 2764 ipse
1559 2677 1668 2764 triper-

317 2787 386 2858 titus
411 2797 475 2852 est:
506 2787 609 2870 agitur
638 2784 774 2870 primum
806 2783 845 2850 de
874 2783 1046 2848 honoribus
1075 2784 1107 2847 in
1132 2787 1312 2867 Augustum
1336 2783 1473 2859 collatis,
1502 2782 1535 2847 id
1559 2790 1609 2846 est
1629 2781 1669 2846 de

317 2891 550 2975 magistratibus
580 2889 764 2954 sacerdotiis
794 2887 964 2972 triumphis
994 2889 1160 2971 omnisque
1188 2888 1311 2970 generis
1339 2888 1510 2951 honoribus
1545 2885 1668 2970 adeptis

200 3007 203 3011 ’
314 2993 545 3078 (cI-XIV),
583 2991 697 3057 deinde
726 2991 765 3055 de
792 2991 948 3076 impensis
977 3011 1056 3075 quas
1087 2992 1120 3054 in
1150 3011 1217 3055 rem
1250 2991 1412 3074 publicam
1442 2990 1480 3053 de
1508 3009 1565 3053 suo
1594 2989 1670 3052 fecit

310 3096 349 3181 (c.
364 3098 463 3163 XV-
471 3098 602 3182 XXIV),
627 3096 763 3180 denique
787 3095 825 3159 de
847 3097 942 3161 rebus
958 3095 1054 3179 gestis
1071 3116 1148 3179 pace
1166 3095 1311 3179 belloque
1334 3096 1375 3178 (c.
1391 3092 1666 3175 XXV-XXXV),

309 3209 520 3289 utappareat
549 3201 604 3286 qui
633 3200 764 3265 titulum
793 3200 927 3265 dictavit
954 3220 1061 3264 rerum
1091 3207 1251 3281 gestarum
1278 3198 1345 3263 divi
1369 3198 1521 3279 Augusti,
1551 3198 1667 3281 quibus

309 3306 415 3370 orbem
440 3314 595 3370 terrarum
617 3304 750 3389 imperio
774 3304 885 3389 populi
907 3304 1042 3369 Romani
1065 3304 1262 3379 subiecisset,
1288 3311 1319 3367 et
1340 3303 1564 3387 impensarum,
1588 3321 1669 3383 quas

307 3410 338 3475 in
362 3430 431 3474 rem
454 3409 615 3495 publicam
633 3408 849 3493 populumque
867 3409 1044 3475 Romanum
1060 3409 1197 3484 lecisset,
1221 3408 1357 3492 primam
1373 3414 1495 3491 partem
1511 3405 1666 3482 omisisse,

307 3513 481 3578 secundam
504 3512 694 3595 tertiamque
718 3512 895 3577 invertisse.
944 3514 1142 3596 Quamquam
1168 3512 1368 3597 partitionem
1393 3512 1484 3575 illam
1506 3512 1668 3592 Augustus

305 3623 435 3682 secutus
461 3624 510 3681 est
532 3616 566 3681 in
590 3615 775 3681 universum
797 3623 923 3681 tantum
946 3616 1015 3680 sine
1037 3617 1225 3701 scrupulosa
1247 3616 1421 3681 anxietate:
1450 3614 1497 3678 ita
1518 3614 1552 3677 in
1566 3612 1668 3697 primo

303 3726 442 3785 tractatu
466 3741 527 3784 non
552 3726 677 3785 tantum
694 3718 854 3784 censoriae
871 3719 1043 3784 functionis
1059 3719 1214 3795 meminit,
1239 3719 1296 3782 sed
1311 3720 1397 3802 ipsos
1415 3737 1539 3800 quoque
1555 3737 1668 3780 census

305 3824 377 3889 fuse
402 3830 528 3889 enarrat
551 3823 592 3907 (c.
608 3822 708 3906 Vlll),
732 3823 825 3887 tertio
849 3823 983 3888 inseruit
1006 3842 1067 3887 non
1093 3823 1196 3888 solum
1220 3820 1503 3886 honoreseumrsi
1518 3819 1666 3905 publicas

306 3926 508 3993 restitutione
533 3926 730 4002 coniunctos,
762 3926 845 4008 quod
870 3934 974 4011 potest
997 3925 1122 3990 delendi
1148 3928 1190 4010 (c.
1202 3924 1367 4008 XXXIV),
1396 3923 1451 3987 sed
1475 3924 1570 3989 etiam
1592 3923 1666 3987 titu-

304 4031 374 4095 lum
398 4030 498 4115 patris
521 4031 642 4115 patriae
667 4030 730 4095 sibi
746 4029 887 4095 oblatum
905 4031 945 4114 (c.
959 4030 1109 4116 XXXV);
1133 4030 1270 4114 denique
1285 4050 1348 4093 non
1364 4048 1464 4113 pauca
1478 4036 1563 4105 sunt,
1586 4048 1667 4112 quae

304 4134 374 4218 pari
399 4134 466 4198 iure
490 4142 521 4199 et
543 4134 644 4219 primo
669 4142 700 4197 et
722 4134 814 4198 tertio
839 4132 942 4197 ordini
966 4134 1076 4198 inferri
1098 4141 1277 4219 potuerunt.
1300 4171 1339 4179 —
1359 4131 1551 4216 Diligentius
1570 4152 1666 4215 quam

302 4238 446 4321 reliquas
476 4238 555 4303 duas
587 4239 749 4320 Augustus
774 4245 941 4302 exsecutus
971 4245 1020 4302 est
1047 4246 1170 4322 partem
1199 4238 1238 4301 de
1266 4236 1421 4321 impensis
1448 4237 1482 4300 in
1510 4256 1577 4299 rem
1610 4256 1666 4321 pu-

304 4342 424 4406 blicam
447 4342 549 4416 lactis‚
581 4342 719 4405 maxime
742 4341 834 4407 ludos
858 4343 1093 4425 congiariaque3
1126 4363 1229 4425 neque
1250 4342 1284 4405 id
1307 4341 1423 4406 mirum
1446 4340 1549 4404 estin
1572 4340 1666 4403 titulo

303 4444 424 4509 Romae
447 4444 607 4529 proposito
632 4444 811 4529 scriptoque
836 4445 1037 4530 potissimum
1053 4445 1154 4529 plebi
1175 4445 1326 4508 urbanae.
1351 4482 1391 4491 -
1416 4444 1503 4521 Quod
1528 4444 1556 4507 si
1578 4463 1665 4528 prae-

303 4556 393 4612 terea
415 4548 613 4631 quaerimus,
639 4548 714 4631 quid
741 4556 866 4613 secutus
892 4571 960 4612 esse
986 4549 1129 4613 videatur
1153 4550 1376 4633 imperatorin
1404 4570 1507 4613 rerum
1531 4548 1664 4624 delectu,

303 4654 446 4737 primum
471 4675 543 4719 cum
566 4660 689 4738 praeter
714 4673 788 4718 suos
811 4654 946 4717 honores
969 4672 1107 4737 suasque
1129 4673 1181 4716 res
1204 4657 1309 4734 gestas
1332 4652 1427 4716 etiam
1443 4652 1578 4719 filiorum
1595 4651 1666 4715 Gaii

304 4756 398 4821 Lucii
413 4756 534 4820 Tiberii
550 4756 719 4838 generique
735 4756 895 4841 Agrippae
909 4756 1031 4841 passim
1045 4757 1235 4831 inserantur,
1259 4754 1347 4826 nullo
1362 4755 1430 4820 loco
1445 4762 1665 4841 praeterquam

305 4862 339 4924 in
366 4861 465 4933 annis
482 4860 685 4943 designandis
714 4880 828 4924 nomen
851 4861 941 4945 ponit
969 4860 1107 4924 hominis
1135 4860 1217 4930 infra
1245 4858 1405 4941 fastigium
1429 4858 1665 4943 imperatorium

288 4964 488 5042 'constituti3
520 4984 578 5027 neo
601 4963 703 5046 magis
728 4964 874 5027 meminit
903 4963 1109 5047 adoptionum
1135 4962 1394 5046 reliquarumque
1416 4984 1521 5027 rerum
1543 4963 1664 5029 domes-

307 5068 459 5145 ticarum,
494 5067 578 5132 unde
607 5068 707 5132 altum
731 5068 894 5137 silentium
918 5078 966 5131 est
994 5068 1031 5131 de
1063 5066 1190 5133 leminis
1214 5066 1326 5143 domus
1343 5069 1510 5150 'Augustae
1533 5068 1664 5152 ipsaque

309 5170 409 5235 Livia.
444 5169 611 5237 Abstinuit
633 5169 728 5253 igitur
751 5171 894 5239 consulto
918 5178 982 5240 tam
1008 5193 1025 5233 a
1049 5170 1183 5249 ducibus
1208 5170 1263 5253 qui
1280 5178 1369 5236 extra
1384 5171 1511 5236 domum
1529 5171 1664 5260 impera-
