4400 6175
509 683 553 749 48
1094 685 1142 751 111,
1157 685 1193 740 35
1202 686 1281 742 -39

511 858 679 924 Germania
701 859 871 944 superiore,
893 865 958 922 tres
981 879 1051 926 xvn
1068 879 1153 928 xvm
1170 879 1229 928 xlx
1251 859 1288 926 in
1303 859 1460 940 inferiore,
1483 862 1628 946 singulae
1642 863 1676 928 11
1691 865 1866 943 Pannonia,

510 983 591 1046 quae
607 969 656 1027 est
664 983 721 1043 xv,
742 969 773 1027 et
793 963 826 1026 in
843 962 969 1046 Illyrico
985 963 1053 1028 sive
1067 962 1238 1040 Dalmatia,
1261 983 1343 1047 quae
1358 972 1408 1030 eet
1422 987 1477 1034 xx.
1514 968 1602 1032 Haec
1618 968 1673 1051 qui
1688 970 1868 1036 considerat

509 1087 616 1132 rerum
637 1087 694 1152 per
715 1066 788 1130 illos
812 1087 910 1131 annos
932 1073 1092 1149 gestarum
1113 1087 1178 1131 111
1200 1066 1380 1145 immemor,
1406 1071 1516 1136 statim
1537 1073 1725 1155 cogitatione
1746 1074 1869 1140 incidet

509 1172 543 1236 in
566 1172 687 1237 bellum
716 1171 794 1237 duce
817 1171 945 1235 Tiberio
974 1172 1014 1235 ab
1044 1191 1127 1236 anno
1149 1172 1287 1236 maxime
1311 1176 1373 1238 757
1401 1176 1540 1259 primum
1562 1185 1672 1240 contra
1694 1177 1867 1244 Germanos

509 1296 678 1361 regemque
699 1273 928 1339 Maroboduum
950 1281 1083 1358 gestum,
1108 1275 1222 1340 deinde
1245 1282 1354 1341 contra
1368 1277 1547 1345 Pannonios
1569 1281 1796 1365 Dalmatasque
1817 1302 1867 1346 re·

511 1381 676 1444 bellantes.
720 1380 788 1445 Hoc
811 1378 941 1454 bellum,
966 1378 1050 1461 quod
1072 1381 1252 1444 immensum
1273 1380 1414 1466 appellat
1435 1383 1492 1466 qui
1514 1385 1544 1447 ei
1565 1385 1710 1449 interfuit
1723 1383 1865 1449 Velleius

510 1483 673 1569 (1114),
704 1481 873 1547 Suetonius
898 1488 1004 1548 autem
1030 1481 1121 1548 testis
1149 1482 1285 1568 simplex
1308 1490 1340 1548 et
1361 1485 1466 1567 gravis
1488 1492 1711 1569 grauissimam
1732 1492 1868 1554 amatam

509 1597 709 1652 1111111111
731 1589 882 1650 beliorum
900 1595 977 1667 post
998 1587 1120 1650 Punica
1141 1587 1228 1669 (Tib.
1243 1589 1311 1671 16),
1333 1588 1482 1655 Tiberius
1506 1597 1615 1656 contra
1635 1591 1866 1658 Maroboduum

509 1691 607 1774 gessit
628 1689 807 1773 legionibus
829 1688 996 1754 duodecim
1020 1689 1109 1769 (Tac.
1125 1711 1199 1754 111.
1212 1692 1242 1767 1,
1254 1677 1326 1776 46),
1348 1699 1459 1776 postea
1473 1700 1583 1760 contra
1596 1695 1776 1762 Pannonios
1790 1696 1866 1761 Dal·

510 1801 674 1880 matesque
698 1793 879 1879 quindecim
902 1793 1047 1878 (Sueten.
1064 1793 1135 1858 Tib.
1152 1796 1191 1859 16
1208 1794 1278 1859 1111.
1297 1796 1517 1882 11111111)
1540 1797 1706 1882 habitique
1727 1807 1804 1865 sunt
1824 1800 1866 1863 ad

508 1907 614 1984 tantae
637 1899 742 1984 copies
766 1897 947 1964 efficiendae
971 1921 998 1962 a
1015 1899 1079 1964 ’159
1103 1899 1179 1964 novi
1208 1899 1349 1965 delectus
1372 1902 1512 1985 (111112,
1532 1903 1623 1986 110).
1666 1903 1764 1968 Hisce
1784 1904 1866 1989 ipsis

509 2004 685 2069 delectibus
708 2008 777 2068 octo
799 2022 898 2068 novas
920 2003 1059 2086 legiones
1082 2024 1102 2067 1
1123 2023 1185 2071 1111
1208 2005 1249 2069 ad
1266 2025 1314 2072 xx
1336 2007 1530 2091 conscriptas
1552 2027 1623 2072 csse
1645 2026 1773 2086 cense03
1803 2028 1866 2092 quo

509 2113 635 2192 sumpto
663 2113 696 2171 et
723 2105 914 2190 explicatur,
942 2127 998 2171 cur
1023 2105 1184 2189 legionum
1205 2108 1344 2191 Augusti
1372 2108 1560 2176 laterculum
1583 2110 1643 2175 Dio
1671 2110 1867 2196 adscriptum

509 2209 667 2277 invenerit
693 2209 733 2273 ad
756 2210 865 2273 1158
894 2215 926 2273 ct
953 2230 1008 2273 cur
1036 2210 1176 2292 legiones
1199 2211 1275 2276 illae
1297 2213 1338 2276 ad
1360 2235 1460 2279 unum
1481 2234 1592 2280 omnes
1613 2216 1810 2299 reperiantur
1830 2216 1865 2280 in

509 2314 691 2402 provinciis,
715 2313 755 2377 ed
779 2313 858 2396 quas
883 2312 1005 2378 bellum
1026 2313 1109 2380 illud
1130 2316 1284 2400 pervenit.

596 2419 654 2483 Ill.
688 2418 774 2482 Inter
796 2416 945 2499 legiones,
970 2437 1051 2500 quae
1075 2419 1386 2504 comprehenduntur
1407 2421 1550 2486 numeris
1565 2443 1594 2486 ‘a
1614 2421 1716 2506 primo
1734 2422 1775 2488 ad
1791 2422 1867 2488 (111

510 2523 670 2590 decimum
689 2521 890 2606 reperiuntur
913 2539 1020 2586 omnes
1045 2541 1116 2599 eae,
1147 2542 1283 2605 quarum
1311 2523 1421 2608 aliqua
1441 2525 1595 2590 memoria
1617 2534 1761 2610 superest
1783 2547 1867 2591 anno

511 2628 575 2692 758
606 2625 781 2709 antiquior,
812 2625 950 2690 maxime
980 2644 1189 2708 quaecunque
1215 2627 1418 2693 nominantur
1445 2629 1479 2693 in
1505 2629 1646 2694 nummis
1673 2629 1870 2694 coloniarum

510 2731 550 2796 ab
574 2731 717 2812 Augusto
740 2727 948 2794 deductarum
970 2728 1103 2810 signatis
1126 2729 1312 2814 imperante,
1335 2751 1418 2814 quae
1440 2739 1515 2797 sunt
1534 2733 1631 2798 tertia
1654 2733 1763 2800 neseio
1786 2753 1870 2816 quae

510 2855 549 2899 ex
577 2834 681 2898 tribus
709 2833 744 2897 in
771 2832 911 2897 nummis
934 2832 1174 2911 Accitenorum,
1203 2839 1319 2917 quarta
1344 2836 1378 2900 in
1411 2835 1726 2920 caesaraugustanis,
1756 2837 1872 2924 quinta

509 2937 713 3002 Macedonica
732 2936 766 3001 11
790 2937 1029 3020 Berytensibus,
1060 2939 1183 3022 quinte,
1207 2938 1341 3004 alaudae
1363 2939 1483 3024 opinor,
1505 2941 1541 3005 in
1562 2940 1813 3006 Emeritensibus
1838 2948 1872 3012 et

509 3039 778 3117 Cordubensibus,
802 3045 964 3107 sextarum
986 3040 1139 3107 alterutra
1152 3040 1186 3107 11
1203 3041 1493 3109 Ruscinonemibus
1509 3051 1542 3111 et
1555 3044 1869 3129 Caesaraugustania

509 3152 621 3211 octava
639 3145 674 3209 in
690 3144 927 3227 Berytensibus,
951 3144 1147 3211 decimarum
1160 3146 1313 3212 alterutra
1327 3148 1362 3213 in
1377 3149 1679 3232 Caesaraugustanis
1693 3150 1872 3217 Emeriten-

510 3251 600 3315 sibus
622 3248 880 3313 Gordubensibus
895 3250 1112 3326 Patrensibus,
1136 3250 1324 3316 duodecima
1344 3252 1378 3317 in
1400 3253 1607 3319 Patrensibus
1630 3255 1676 3338 (v.
1692 3254 1779 3332 115,
1797 3254 1869 3338 35).

510 3353 592 3417 Nam
614 3351 752 3417 colonias
774 3352 833 3416 bas
848 3353 1030 3435 Augustum
1053 3351 1224 3417 deduxisse
1246 3361 1320 3419 ante
1343 3377 1371 3420 a.
1385 3357 1450 3421 158
1472 3356 1590 3442 partim
1611 3364 1745 3435 constat,
1767 3364 1805 3423 ut
1827 3358 1869 3422 de

509 3458 625 3541 Beryto
648 3462 680 3521 et
701 3455 819 3533 Petris,
847 3456 964 3541 partim
987 3457 1154 3541 probabile
1176 3464 1235 3525 est.
1280 3460 1331 3525 Ab
1355 3460 1455 3525 altera
1475 3468 1565 3546 parte
1592 3462 1683 3525 11111
1708 3467 1757 3527 est
1783 3462 1871 3527 inter

509 3561 567 3625 hae
590 3559 682 3642 legio,
706 3580 802 3643 quam
824 3566 946 3625 certum
967 3560 1010 3625 sit
1032 3562 1236 3627 constitutam
1258 3583 1328 3629 esse
1350 3572 1424 3649 post
1444 3586 1472 3629 a
1489 3566 1570 3646 7583
1592 3586 1669 3631 nam
1683 3586 1788 3631 errare
1802 3586 1870 3643 ecs,

510 3665 566 3749 qui
587 3665 723 3751 primam
745 3665 877 3730 credunt
903 3666 1113 3751 conscriptam
1141 3673 1215 3751 post
1235 3666 1359 3734 cladem
1372 3669 1559 3748 Varianam,
1588 3690 1684 3754 supra
1706 3691 1736 3754 p.
1747 3671 1790 3735 46
1813 3670 1872 3734 ad·

508 3770 626 3835 notavi.
672 3770 784 3852 ltaque
806 3776 894 3855 patet
916 3769 974 3835 has
996 3771 1138 3854 legiones
1160 3792 1268 3837 omnes
1292 3774 1422 3856 originis
1445 3794 1515 3839 esse
1537 3772 1736 3857 antiquioris.
1773 3772 1871 3857 Origo

509 3882 616 3939 autem
638 3872 716 3937 haec
738 3893 849 3937 rursus
871 3872 989 3958 duplex
1014 3874 1114 3939 luisse
1143 3876 1303 3941 invenitur
1325 3878 1507 3944 nominibus
1529 3878 1576 3943 ita
1597 3878 1800 3963 comparatis,
1830 3889 1873 3944 ut

509 3998 582 4041 cum
610 3976 749 4060 legiones
772 3977 831 4041 hae
858 3998 989 4042 numero
1012 3978 1077 4043 sint
1105 3980 1288 4058 octodecim,
1315 3988 1422 4047 tamen
1451 3982 1581 4048 nomina
1605 4002 1669 4046 non
1697 3982 1873 4068 procedent

508 4081 594 4145 ultra
615 4101 783 4145 numerum
806 4081 1085 4160 duodecimarium,
1109 4084 1166 4149 sed
1188 4093 1312 4169 praeter
1334 4087 1449 4152 seriem
1463 4087 1647 4153 continuam
1664 4107 1685 4151 a
1703 4087 1808 4172 prima
1826 4087 1872 4153 ad

509 4182 729 4248 duodecimam
750 4190 821 4249 tres
836 4185 963 4263 tertiae,
993 4192 1123 4269 quartae
1149 4195 1257 4254 autem
1280 4197 1312 4254 et
1334 4190 1465 4274 quintae
1486 4198 1520 4256 et
1540 4196 1648 4255 sextae
1671 4198 1704 4255 et
1726 4190 1871 4256 decimae

510 4286 604 4363 binae
626 4286 839 4351 inveniantur.
872 4289 1037 4355 Eiusmodi
1059 4312 1263 4357 numerorum
1285 4294 1455 4377 geminatio
1478 4316 1551 4361 cum
1574 4293 1741 4360 abhorreat
1762 4296 1801 4362 ab
1822 4294 1871 4358 le-

510 4390 638 4472 gionum
661 4390 915 4457 denominatione
939 4394 1117 4478 antiquiore
1146 4396 1347 4482 coeperitque
1367 4398 1495 4464 demum
1515 4399 1693 4483 imperante
1711 4400 1869 4483 Augusto,

510 4494 578 4559 sine
602 4494 698 4559 dubio
721 4494 795 4560 inde
818 4497 989 4581 repetenda
1011 4505 1068 4576 est,
1094 4500 1178 4582 quod
1200 4521 1242 4565 ex·
1263 4501 1453 4566 exercitibus
1475 4502 1588 4587 Lepidi
1610 4509 1642 4567 et
1656 4502 1787 4568 Antonii
1810 4504 1873 4585 qui

409 4627 413 4637 s
510 4598 637 4662 Caesari
659 4620 694 4663 se
717 4599 929 4677 tradiderunt,
958 4622 1015 4665 sex
1037 4602 1178 4685 legiones
1199 4604 1228 4668 is
1250 4604 1297 4668 sic
1324 4611 1363 4669 ut
1390 4611 1479 4669 erent
1508 4606 1576 4671 suis
1605 4606 1731 4671 adiecit.
1776 4606 1872 4683 Quod

509 4700 671 4765 evidenter
694 4710 826 4789 apparet
847 4704 881 4768 11
903 4704 1007 4770 tribus
1033 4708 1153 4785 tertiis,
1182 4728 1317 4792 quarum
1339 4709 1442 4794 prima
1463 4730 1536 4775 cum
1558 4718 1670 4795 postea
1691 4711 1874 4796 appelletur

510 4808 662 4887 Augusta,
680 4806 749 4871 sine
764 4807 861 4872 dubio
877 4809 917 4873 ab
933 4808 1003 4894 ipso
1015 4811 1193 4895 conscripta
1207 4818 1265 4889 est,
1280 4812 1423 4891 alteram,
1441 4822 1588 4897 quaeest
1598 4815 1729 4892 Gallica,
1745 4821 1874 4881 constat

509 4908 664 4973 memisse
678 4910 738 4973 sub
754 4910 901 4988 Antonio,
924 4912 1052 4977 tertiam
1067 4914 1273 4997 Cyrenaicum
1288 4914 1454 5001 Lepidiani
1469 4918 1625 4983 exercitus
1647 4926 1770 5003 partem
1791 4919 1875 4984 olim

510 5014 609 5078 fuisse
628 5034 744 5079 nomen
766 5016 916 5082 declarat.
951 5017 998 5081 De
1016 5019 1137 5101 quartis
1153 5018 1274 5101 quintis
1290 5020 1388 5085 sextis
1404 5021 1537 5089 decimis
1552 5042 1615 5089 111
1632 5023 1711 5087 satis
1726 5030 1872 5109 apparet,

509 5139 592 5203 quae
615 5120 751 5203 Augusti
775 5121 919 5206 propriae
943 5123 1077 5201 fuerint,
1108 5142 1188 5207 quas
1210 5145 1284 5190 vero
1307 5125 1428 5191 alienas
1450 5126 1665 5213 adsumpserit
1685 5147 1744 5193 nec
1764 5127 1875 5210 magis
