4400 6175
1602 719 1663 782 145

311 893 397 956 etin
421 899 509 976 parte
533 894 651 958 Graeca
673 911 738 957 aaa
761 913 899 958 narcar-
921 893 955 958 ln
983 893 1045 957 fine
1074 911 1186 958 versus
1209 893 1311 978 spatio
1337 891 1502 960 deficiente
1524 893 1662 979 positum

311 1015 366 1081 pro
395 994 549 1081 παρόντος.
601 995 858 1080 Uniuscuiuaque
887 995 1000 1081 capitis
1030 995 1138 1062 littera
1164 993 1269 1082 prima
1297 997 1424 1062 eminet.
1460 1033 1502 1046 -
1536 997 1664 1062 Praeter

311 1100 416 1184 capita
443 1099 538 1166 etiam
567 1107 724 1165 commate
753 1099 991 1183 distinguuntur
1018 1099 1151 1184 virgulis
1177 1119 1208 1177 s
1237 1099 1287 1164 vel
1313 1117 1329 1167 a
1357 1101 1569 1186 interpositis,
1601 1121 1663 1186 quo

311 1203 504 1268 commodius
534 1201 626 1268 lectio
656 1203 814 1289 procedat.
845 1245 886 1254 -
917 1204 1006 1282 Quod
1036 1205 1151 1269 attinet
1178 1203 1220 1268 ad
1250 1211 1368 1289 puncta
1396 1223 1434 1270 ea
1462 1225 1543 1289 quae
1566 1206 1664 1272 verba

311 1314 467 1392 separant,
498 1325 592 1391 saepe
619 1307 702 1372 inter
725 1307 989 1392 praepositionem
1011 1313 1044 1372 et
1066 1326 1204 1392 aequone
1233 1308 1470 1374 substantivum
1497 1309 1532 1374 in
1555 1309 1664 1374 arohe-

310 1419 386 1497 typo
408 1429 472 1476 non
500 1410 682 1496 interpungi
712 1411 766 1474 vix
791 1410 923 1476 dubium
946 1411 1018 1492 est3'
1040 1418 1124 1477 certe
1146 1411 1180 1475 in
1208 1411 1314 1476 indice
1341 1409 1517 1478 maioribus
1543 1419 1575 1478 et
1601 1414 1664 1478 evi-

310 1515 507 1581 dentioribus
536 1513 651 1578 litteris
682 1515 798 1600 scripto
827 1515 874 1579 ita
903 1514 1018 1598 legitur
1042 1535 1098 1581 ua
1120 1519 1236 1591 iurare,
1265 1535 1324 1578 aa
1347 1518 1513 1580 induebar.
1564 1519 1609 1581 At
1629 1518 1664 1581 in

309 1621 378 1705 ipso
403 1617 625 1683 commentario
648 1617 758 1682 tabula
779 1617 960 1682 Perrotiana
982 1618 1016 1682 in
1038 1617 1158 1682 talibus
1182 1637 1308 1702 quoque
1334 1618 1556 1704 interpungere
1584 1621 1665 1686 solat

311 1731 342 1788 at
367 1723 495 1789 omnino
526 1723 673 1807 quamvis
702 1723 824 1807 optima
851 1729 958 1788 tamen
985 1739 1047 1788 non
1075 1723 1122 1786 ita
1150 1729 1331 1807 comparata
1353 1728 1417 1798 est,
1447 1729 1485 1788 ut
1508 1724 1662 1790 eiusmodi

311 1827 528 1910 quaestionem
551 1826 591 1890 ad
614 1846 685 1891 eam
708 1827 785 1891 satie
808 1833 876 1891 tuto
898 1845 1097 1912 persequare.

418 1931 529 2016 Ipsum
551 1932 729 2014 Augustum
752 1931 786 1995 in
810 1930 954 1995 versibus
977 1931 1126 1997 extremis
1150 1929 1305 1995 vocabule
1326 1950 1389 1995 non
1412 1930 1562 1999 divisisse
1585 1930 1664 1995 Sue-

309 2037 415 2102 tonius
438 2056 465 2101 c.
479 2036 519 2100 87
544 2035 698 2111 observat,
728 2034 783 2098 sed
807 2034 847 2098 ab
871 2041 1012 2100 extrema
1032 2042 1123 2122 perte
1145 2055 1294 2099 versuum
1318 2033 1517 2099 abundantes
1540 2034 1662 2099 litterae

308 2138 428 2204 ibidem
456 2138 599 2204 subicere
622 2145 653 2201 et
673 2135 921 2216 circumducere,
952 2159 1048 2222 quam
1077 2157 1147 2203 esso
1166 2138 1428 2206 consuetudinem
1448 2139 1660 2222 antiquiorem

272 2261 275 2266 ·
308 2241 502 2326 intellegitur
531 2263 569 2306 ex
598 2243 666 2307 eius
694 2243 845 2329 temporis
873 2243 1104 2308 instrumentis.
1154 2244 1406 2308 Commentarius
1434 2252 1541 2308 tamen
1565 2265 1660 2328 quem
1779 2329 1786 2337 ἢ

307 2347 461 2413 habemus
483 2346 518 2410 in
541 2343 600 2410 hac
621 2367 654 2409 re
675 2365 769 2412 usum
785 2346 946 2429 vulgarem
971 2347 1116 2430 sequitur
1136 2346 1353 2430 voeabulaque
1369 2365 1464 2431 saepe
1479 2346 1603 2425 dividit,
1627 2357 1664 2414 ut

306 2459 413 2517 tamen
442 2450 637 2536 syllabarum
661 2449 850 2516 divisionem
872 2449 929 2515 ubi
960 2469 1022 2534 quo
1050 2451 1119 2516 loco
1147 2451 1216 2516 lieri
1246 2451 1361 2515 debeat
1389 2451 1528 2516 dubitari
1558 2460 1664 2537 pateat

310 2555 456 2620 videatur
482 2555 613 2632 evitar03
646 2562 729 2620 corte
757 2575 795 2618 ax
823 2555 882 2620 hoc
907 2573 1020 2638 genere
1044 2571 1108 2619 non
1131 2554 1297 2619 observavi
1320 2552 1384 2619 nisi
1408 2555 1492 2637 quod
1516 2562 1565 2618 est
1595 2579 1617 2618 ιι
1634 2575 1662 2619 ar

310 2657 565 2744 ecmaaaalctae]
588 2663 619 2722 et
643 2676 717 2722 v141
742 2663 952 2739 coaeumlptis.

418 2765 576 2828 Accentus
591 2761 790 2845 reperiuntur
805 2762 953 2847 perpauci
977 2761 1025 2824 hi:
1049 2767 1070 2824 d
1099 2783 1130 2822 vr
1146 2781 1175 2840 ⁹3
1203 2765 1292 2824 bam
1313 2784 1337 2824 ιι
1352 2779 1395 2836 aa:
1421 2764 1564 2826 Gadibus
1586 2786 1604 2823 ι
1620 2783 1661 2842 113

312 2872 518 2950 maqutratata
539 2889 561 2929 ιι
578 2883 621 2942 4⁰3
647 2870 706 2947 qad
729 2887 764 2928 ιιι
780 2884 809 2944 a3
834 2869 913 2930 arilia
936 2887 955 2926 v
972 2883 1016 2944 143
1046 2865 1155 2949 plures
1177 2864 1212 2930 iu
1234 2865 1304 2950 ipeo
1326 2865 1433 2950 lapido
1450 2885 1622 2951 'superesse
1645 2890 1664 2933 a

314 2971 556 3056 descriptoribus
580 2969 818 3055 praetermissos
841 2990 904 3035 non
927 2969 996 3034 eine
1018 2988 1115 3034 causa
1130 2970 1338 3054 suspicamur.
1378 2973 1398 3032 l
1410 2971 1553 3035 eminens
1569 2990 1664 3058 saepe

313 3077 474 3142 invenitur
496 3094 599 3159 neque
621 3075 686 3139 iere
709 3071 772 3139 nisi
795 3073 851 3139 ubi
874 3073 992 3141 vocalis
1006 3073 1111 3157 longa
1132 3080 1191 3140 eet.

418 3180 583 3245 Vooalium
607 3177 866 3261 geminandamm
889 3178 942 3242 vel
964 3196 1027 3242 non
1050 3177 1311 3261 geminandorum
1334 3197 1396 3242 non
1418 3198 1484 3245 una
1501 3179 1583 3244 ratio
1602 3187 1661 3245 est.

308 3286 388 3350 Nam
411 3304 454 3350 aa
477 3289 509 3347 et
523 3304 557 3348 ee
573 3282 714 3347 vitantur
729 3282 940 3367 scribiturque
957 3282 1104 3361 Piraeea,
1125 3292 1291 3365 preerant.
1326 3283 1443 3349 Contra
1456 3304 1497 3347 ua
1512 3293 1663 3371 perpetuo

308 3388 488 3453 admittitur
516 3386 638 3449 tamin
661 3386 824 3451 vocabulis
855 3386 964 3470 qualia
986 3393 1062 3453 sunt
1084 3391 1204 3463 iaeare,
1229 3389 1362 3463 iavereit,
1386 3391 1541 3465 iuventae,
1565 3393 1665 3471 ricae,

306 3498 398 3559 meaa
423 3510 518 3576 quam
541 3491 573 3553 in
598 3510 736 3566 armeus,
766 3510 960 3574 quamquam
983 3491 1199 3575 exceptionem
1229 3491 1306 3554 facit
1327 3496 1498 3555 etiamtum
1520 3493 1664 3575 genetivo

308 3597 426 3682 plurali
456 3618 474 3655 v
491 3612 521 3658 oo
544 3595 603 3673 (ci.
630 3593 802 3657 Schneider
826 3596 880 3658 lat.
906 3597 1042 3659 Graiam.
1068 3598 1096 3671 1,
1115 3595 1211 3676 334).
1242 3632 1282 3641 -
1313 3593 1458 3677 Denique
1487 3595 1527 3658 ad
1552 3601 1564 3660 i
1585 3606 1618 3661 et
1639 3602 1664 3661 ii

310 3700 393 3784 quod
415 3700 536 3775 attinet,
560 3699 593 3761 in
615 3718 683 3780 geu.
701 3696 780 3780 sing.
806 3698 916 3762 decli
940 3718 1064 3782 semper
1085 3698 1243 3781 reperitur
1265 3701 1277 3758 i
1300 3697 1475 3779 (aanqiari,
1500 3706 1662 3778 coronari,

308 3806 445 3880 Feretri,
471 3805 549 3880 lali,
575 3804 715 3884 Pompei,
737 3804 879 3886 proeii);
902 3809 1010 3867 contra
1032 3803 1065 3865 in
1088 3801 1152 3865 det.
1174 3801 1217 3885 pl.
1243 3800 1361 3866 dealt
1386 3820 1578 3884 quamquam
1602 3805 1662 3867 ire-

308 3907 455 3992 quentior
478 3914 526 3972 est
548 3907 710 3991 isimplex
736 3907 906 3990 (auspicia,
931 3910 1106 3981 calwticie,
1132 3909 1272 3984 catania,
1296 3906 1363 3980 dia,
1391 3908 1573 3985 provincia,
1603 3912 1661 3972 ati-

307 4012 459 4096 peadia),
490 4019 596 4076 tamen
619 4010 696 4074 alibi
721 4015 769 4075 est
791 4012 814 4076 ii
839 4012 1024 4094 (canaiiiia,
1054 4014 1113 4091 iia,
1141 4012 1289 4090 iudiciis,
1317 4010 1488 4093 massiliis)
1512 4008 1660 4095 idemque

309 4115 387 4179 adeo
403 4116 592 4179 vocabulum
615 4112 707 4177 modo
729 4134 785 4198 per
808 4119 821 4177 i
843 4112 935 4179 modo
958 4134 1014 4199 per
1036 4118 1061 4178 ii
1081 4113 1240 4188 scribitur,
1264 4120 1301 4177 ut
1322 4116 1490 4194 maaidpis
1512 4124 1545 4177 et
1567 4120 1664 4179 maai-

309 4222 416 4301 cipa'ia.
449 4218 651 4283 Nominativc
674 4218 790 4301 plurali
816 4220 971 4283 secundae
995 4219 1144 4283 scribitur
1158 4221 1239 4291 alii;
1262 4223 1372 4281 oonba
1385 4220 1457 4282 adit
1471 4216 1663 4296 invenimus,

311 4344 373 4386 non
398 4326 489 4387 adiit.

421 4426 547 4491 Vocalie
573 4443 687 4509 anceps
709 4426 793 4490 inter
815 4429 827 4488 i
851 4432 882 4488 et
904 4447 924 4489 a
947 4424 1202 4494 constantissime
1223 4426 1349 4489 effertur
1363 4444 1419 4509 per
1435 4428 1468 4500 ὃς
1492 4424 1666 4508 talogium

314 4534 472 4613 lcpitimua
494 4534 644 4612 finitimus
667 4533 818 4611 septimae
838 4532 977 4595 decinam
993 4534 1181 4597 tricensimus
1195 4532 1469 4610 frequentissimae
1485 4533 1666 4611 reciperare

311 4636 470 4699 mastidiae
489 4634 690 4717 porticibae;
714 4652 847 4717 quocum
871 4634 980 4699 licebit
1002 4652 1187 4719 componere
1210 4631 1294 4715 quod
1314 4637 1395 4696 teste
1410 4630 1561 4698 Suetonio
1583 4655 1610 4696 a.
1623 4636 1663 4698 87

313 4739 476 4821 Augustus
500 4758 563 4802 non
585 4758 691 4802 saraae
716 4737 851 4824 scripsit,
876 4738 932 4802 sed
955 4742 1063 4803 simae.
1109 4736 1273 4801 Retinetur
1295 4741 1402 4800 tamen
1425 4738 1565 4817 clupeus.

423 4842 545 4907 Mediae
570 4844 626 4905 bd
648 4842 681 4905 in
705 4840 867 4906 vocabulis
891 4843 1038 4907 extremis
1062 4844 1283 4926 praeferuntur
1303 4839 1454 4905 tenuibus
1475 4860 1500 4922 p
1521 4851 1533 4903 t
1555 4841 1664 4910 scribi·

312 4953 426 5028 turque
450 4952 629 5011 constanter
652 4948 767 5010 abeona
791 4948 835 5011 ob
853 4949 911 5011 seo
928 4978 986 4995 ·-*
1000 4949 1044 5010 ad
1066 4949 1168 5028 adque
1191 4947 1277 5027 apud
1298 4946 1356 5009 aed
1376 4946 1517 5025 aliquod.

422 5050 589 5135 Aspiratae
619 5051 736 5114 adeunt
765 5051 860 5118 etiam
894 5059 1017 5139 praeter
1052 5048 1311 5117 consuetudinem
1340 5048 1541 5113 vetustiorem
1573 5048 1665 5115 ratio-

316 5170 462 5236 nemque,
487 5154 578 5218 utin
603 5157 786 5235 triumphus.

1418 5278 1447 5323 ro
