4400 6175
315 656 373 720 s

232 719 313 804 κ’

374 303 730 694 A
791 635 796 642 '
1060 630 1090 681 P·
1111 628 1263 682 SVLPIGII
1281 627 1431 692 QVIRINII

635 806 659 868 1.
705 806 735 869 10
766 805 805 869 de
835 825 896 889 quo
925 803 1027 885 agitur
1049 808 1175 885 gentem
1198 801 1357 885 quandam
1384 803 1420 866 in
1449 807 1639 886 potestatem
1661 803 1772 886 populi
1795 803 1920 867 Romani

568 909 697 991 redegit,
721 917 849 994 propter
873 929 951 991 quas
974 928 1025 970 res
1048 914 1153 989 gestas
1177 915 1305 970 senatus
1330 908 1380 970 bis
1405 907 1651 992 supplicationes
1665 904 1766 970 indici
1779 907 1879 970 voluit
1892 916 1919 972 01

569 1019 731 1096 praeterea
754 1013 783 1076 ei
807 1013 863 1095 qui
886 1034 938 1076 eas
962 1020 1103 1094 gesserat
1125 1019 1309 1077 ornamenta
1330 1011 1538 1097 triumphalia
1560 1011 1708 1075 decrevit.

618 1118 658 1180 ll.
704 1117 736 1180 ls
760 1117 797 1180 de
822 1136 883 1199 quo
907 1117 1009 1198 agitur
1029 1123 1101 1202 post
1116 1117 1281 1181 victoriam
1304 1117 1343 1180 de
1359 1137 1423 1200 qua
1438 1117 1575 1180 diximus
1591 1115 1767 1199 imperante
1783 1116 1919 1196 Augusto

570 1221 608 1284 ad
633 1221 889 1305 proconsulatum
906 1220 999 1284 Asiae
1023 1221 1177 1306 pervenit.
1211 1221 1356 1305 Namque
1379 1220 1513 1283 honores
1535 1219 1581 1283 ita
1600 1220 1635 1282 in
1650 1219 1743 1283 titulo
1759 1219 1918 1294 recenseri,

568 1331 604 1388 ut
627 1347 645 1388 a
666 1323 842 1389 minoribus
865 1323 1051 1409 procedatur
1074 1323 1115 1387 ad
1137 1324 1281 1400 maiores,
1315 1324 1390 1388 inde
1414 1323 1558 1400 efficitur,
1589 1323 1674 1405 quod
1697 1328 1836 1387 extremo
1857 1322 1918 1385 loco

568 1429 689 1513 positus
713 1449 855 1492 summus
879 1433 928 1492 est
943 1433 974 1491 et
992 1427 1216 1512 propemodum
1232 1429 1355 1506 unicus,
1379 1434 1416 1491 ut
1430 1428 1515 1491 hunc
1529 1427 1608 1490 alios
1623 1426 1754 1491 minime
1769 1446 1856 1489 raros
1869 1425 1918 1488 vix

569 1531 677 1596 credas
699 1532 873 1616 excepisse3
898 1536 1060 1616 praeterea
1075 1529 1207 1594 minime
1223 1531 1370 1596 convenit
1385 1530 1459 1594 ordo
1475 1530 1620 1593 inversus
1634 1529 1694 1593 tali
1708 1528 1819 1610 elogio,
1842 1529 1917 1610 quod

569 1636 607 1699 ad
632 1636 811 1720 exemplum
825 1634 986 1698 Plautiani
1002 1632 1209 1718 (01011750)
1232 1655 1252 1698 a
1273 1635 1361 1699 tituli
1381 1635 1483 1698 forma
1505 1634 1545 1697 ad
1561 1639 1840 1714 rerumgestarum
1854 1651 1917 1694 nar-

568 1740 721 1803 rationem
743 1737 888 1802 deflectit.

613 1844 668 1906 111.
715 1843 746 1906 Is
776 1843 814 1906 de
843 1861 904 1924 quo
934 1841 1037 1924 agitur
1060 1840 1186 1924 Syriam
1215 1850 1247 1904 et
1276 1841 1475 1906 coniunctam
1505 1863 1577 1905 cum
1600 1861 1638 1903 ea
1659 1840 1798 1922 Augusti
1824 1845 1914 1903 aetate

568 1947 745 2010 Phoenicen
768 1947 943 2032 imperante
957 1947 1102 2028 Augusto
1125 1945 1176 2008 bis
1192 1944 1435 2023 administravit,
1459 1945 1597 2031 primum
1614 1950 1686 2008 ante
1703 1964 1802 2026 quam
1815 1944 1915 2007 Asiam

570 2050 743 2127 sortiretur,
767 2051 881 2114 iterum
905 2055 977 2134 post
990 2049 1087 2113 Asiae
1111 2049 1377 2133 proconsulatum.
1412 2050 1503 2127 Nam,
1528 2050 1611 2113 sicut
1625 2053 1709 2112 recte
1726 2047 1833 2113 docuit
1847 2046 1915 2110 San-

569 2154 755 2219 clementius
785 2153 843 2237 (de
867 2153 1006 2235 vulgaris
1031 2174 1121 2217 aerae
1145 2153 1268 2218 emend.
1292 2175 1323 2238 p.
1333 2154 1436 2238 424),
1467 2153 1642 2217 iterationis
1670 2151 1861 2236 praedicatio
1884 2151 1914 2213 in

569 2257 801 2341 provinciarum
823 2257 984 2341 praesides
1006 2266 1074 2322 tum
1096 2263 1220 2322 tantum
1245 2257 1338 2335 cadit,
1363 2278 1435 2320 cum
1458 2256 1567 2320 eadem
1583 2255 1746 2340 provincia
1761 2256 1801 2319 ab
1816 2255 1915 2320 eodem

570 2361 698 2424 homine
715 2361 834 2445 pluries
852 2360 1070 2426 administrata
1086 2368 1144 2426 est.
1179 2361 1229 2425 Ita
1244 2362 1280 2425 Τ.
1293 2362 1408 2447 Eprius
1423 2361 1591 2425 Marcellus
1606 2359 1722 2423 dicitur
1736 2359 1837 2422 fuisse
1850 2379 1917 2439 pro·

571 2485 637 2528 cos.
653 2467 752 2528 Asiae
767 2467 823 2528 111
843 2467 986 2548 (Henzen
1003 2466 1120 2550 5425);
1145 2465 1193 2530 ita
1207 2467 1242 2529 P.
1259 2467 1400 2549 Paquius
1417 2466 1536 2530 Scaeva
1558 2464 1696 2549 primum
1715 2485 1780 2544 pro
1801 2466 1915 2528 consule

566 2571 764 2649 procinctum
785 2570 919 2650 Cyprum
943 2572 1091 2649 optinuit,
1116 2569 1230 2635 deinde
1250 2592 1313 2652 pro
1337 2592 1402 2634 cos.
1428 2573 1540 2634 iterum
1561 2577 1655 2632 cetra
1678 2576 1798 2633 sortem
1820 2577 1915 2631 aucto·

569 2677 667 2736 ritate
690 2675 770 2752 Aug.
799 2673 950 2738 Caesaris
974 2683 1004 2735 et
1027 2695 1053 2737 s.
1079 2695 1106 2737 c.
1129 2678 1247 2739 0110000
1274 2684 1324 2738 est
1346 2678 1389 2738 ad
1413 2676 1654 2755 componendam
1680 2675 1915 2737 0101001000-

571 2779 685 2858 liquam
710 2779 897 2858 prouinciae
929 2777 1025 2859 Cypri
1050 2777 1201 2861 (Henzen
1226 2779 1348 2862 6450);
1377 2779 1462 2842 unde
1485 2779 1520 2841 L.
1542 2777 1662 2843 Marius
1682 2777 1842 2842 Maximus
1869 2772 1916 2856 qui

570 2880 718 2944 scribitur
746 2881 845 2944 fuisse
871 2886 1047 2962 proconsul
1073 2888 1219 2964 prouiac.
1249 2886 1348 2948 Asiae
1378 2887 1506 2961 iterum,
1537 2883 1713 2962 proconsul
1738 2883 1915 2961 prouinciae

465 3043 471 3052 Ι
569 2987 702 3064 Africae
726 2985 820 3067 (Mur.
839 2986 934 3062 2023,
953 2987 1005 3068 5),
1036 2987 1210 3050 credendus
1235 2992 1283 3050 est
1304 2986 1416 3051 Asiam
1439 2985 1488 3048 bis
1511 2985 1696 3050 obtinuisse.
1748 2984 1851 3048 Huius
1871 3001 1913 3064 ge-

569 3089 653 3151 neris
687 3088 869 3154 iterationes
904 3110 977 3153 cum
1010 3090 1044 3153 in
1078 3092 1319 3175 proconsulibus
1358 3089 1479 3175 passim
1517 3089 1721 3155 inveniantur
1758 3093 1809 3170 (v.
1837 3088 1911 3152 Suet

570 3193 660 3255 Galb.
678 3195 696 3255 7
704 3214 711 3270 ;
743 3192 977 3274 Marquardt3,
999 3196 1033 3269 1,
1056 3195 1354 3277 0005110001),
1383 3193 1501 3277 quippe
1530 3212 1663 3275 quorum
1690 3193 1830 3259 officium
1854 3192 1914 3271 lege

569 3316 711 3359 aunuum
726 3296 865 3378 (01053,
882 3296 936 3377 13)
959 3316 1020 3359 000
1037 3317 1107 3359 1010
1123 3303 1195 3382 post
1210 3317 1328 3362 annum
1342 3298 1487 3382 elapsum
1502 3297 1738 3361 continuaretur
1753 3298 1805 3361 vel
1819 3294 1914 3381 potius

570 3399 672 3462 denuo
696 3400 899 3475 conferretur,
930 3399 965 3461 in
987 3400 1114 3481 legatis,
1147 3420 1279 3483 quorum
1308 3408 1448 3485 potestas
1471 3402 1559 3465 nullo
1582 3409 1668 3465 certo
1691 3407 1831 3485 tempore
1852 3418 1912 3461 con-

570 3504 658 3565 clusa
681 3508 773 3579 esset,
798 3502 903 3566 locum
926 3502 1042 3567 habere
1065 3524 1129 3567 non
1151 3505 1257 3589 potuit
1278 3504 1342 3569 nisi
1363 3506 1418 3582 ita,
1442 3512 1479 3569 ut
1500 3510 1572 3589 post
1595 3505 1772 3568 discessum
1795 3525 1832 3566 ex
1853 3520 1912 3586 pro-

569 3606 674 3670 vincia
696 3606 865 3691 posteriore
894 3613 1034 3692 tempore
1063 3607 1149 3671 idem
1176 3608 1211 3671 10
1239 3608 1372 3673 eandem
1400 3608 1619 3671 remitteretur.
1666 3606 1829 3670 Eiusmodi
1849 3622 1912 3669 vero

568 3710 734 3792 legationis
763 3710 887 3775 iteratio
916 3712 1062 3775 maxime.
1084 3732 1119 3775 00
1148 3712 1396 3797 impediebatur,
1430 3712 1515 3794 quod
1543 3711 1715 3793 legationes
1743 3709 1912 3792 dignatione

568 3815 651 3879 inter
674 3836 707 3878 se
729 3816 915 3879 differebant
930 3815 1101 3898 ordineque
1117 3816 1265 3880 continuo
1289 3839 1308 3879 a
1327 3816 1447 3879 minore
1463 3815 1504 3878 ad
1519 3815 1670 3879 maiorem
1685 3815 1911 3885 ascendebatur,

569 3919 626 4001 qui
649 3919 723 3982 ordo
745 3940 808 3983 non
830 3925 953 4002 poterat
975 3940 1038 3981 non
1060 3919 1183 3983 turbari
1204 3919 1308 4002 legato
1331 3924 1402 4004 post
1429 3919 1507 3982 alios
1534 3919 1669 3983 honores
1691 3924 1851 4003 susceptos
1871 3936 1911 3978 re·

568 4022 666 4086 misso
696 4021 736 4085 ad
765 4022 841 4087 01110
870 4022 1123 4089 administratam
1145 4024 1340 4107 provinciam
1368 4024 1469 4087 denuo
1496 4022 1789 4087 administrandam.
1834 4017 1912 4098 Quod

568 4134 674 4189 tamen
690 4144 752 4189 non
767 4125 852 4189 eadit
865 4126 900 4189 in
914 4126 1104 4208 legationem
1123 4127 1335 4209 legationesve
1350 4128 1506 4191 maximae
1522 4126 1728 4209 dignationis3
1752 4147 1826 4190 nam
1841 4124 1911 4188 sicut

570 4230 626 4313 qui
641 4229 750 4293 consul
772 4229 842 4305 fuit,
867 4249 928 4293 000
952 4237 1056 4313 potest
1070 4231 1193 4313 regredi
1209 4231 1248 4295 ad
1264 4239 1453 4315 praeturam,
1477 4238 1581 4316 potest
1594 4231 1711 4296 iterum
1725 4228 1911 4295 consulatum

570 4354 684 4415 gerere,
715 4334 760 4397 ita
783 4334 838 4417 qui
862 4334 901 4399 ad
925 4356 1082 4400 summum
1107 4336 1235 4400 honoris
1262 4336 1393 4419 gradum
1415 4335 1450 4399 in
1471 4334 1643 4419 provinciis
1665 4329 1912 4399 administrandis

569 4437 778 4520 pervenisset,
812 4436 954 4501 eiusdem
982 4439 1145 4521 dignitatis
1177 4440 1387 4522 legationibus
1420 4438 1566 4525 pluribus
1592 4438 1683 4521 hrugi
1707 4437 1818 4523 potuit
1870 4432 1912 4495 Ita

569 4546 737 4622 utrumque
765 4548 848 4604 recte
872 4542 1081 4626 explicabitur
1105 4550 1136 4607 et
1159 4543 1215 4625 qui
1237 4543 1424 4625 legationem
1453 4542 1590 4619 11010111,
1619 4542 1654 4605 10
1675 4542 1778 4606 titulis
1801 4543 1912 4624 praeter

570 4644 653 4707 hunc
688 4645 772 4726 quod
807 4645 905 4709 seiam
947 4648 1115 4711 memorari
1150 4647 1276 4711 nullum
1292 4649 1329 4731 *)
1364 4652 1397 4711 01
1426 4646 1615 4728 legationem
1649 4646 1795 4709 iteratam
1828 4635 1912 4718 elogii

570 4747 729 4810 Tiburtini
756 4748 911 4831 pertinere
943 4749 982 4813 ad
1012 4751 1135 4834 Syriam
1171 4750 1365 4835 provinciam
1394 4750 1535 4816 omnium
1564 4749 1746 4834 primariam
1775 4743 1910 4828 (Tacitus

570 4851 674 4933 Agrie.
690 4853 748 4931 403
774 4853 926 4934 Borghesi
949 4854 1080 4919 Burbul.
1106 4877 1137 4940 p.
1154 4856 1221 4935 58).
1267 4853 1359 4919 Unde
1383 4855 1518 4919 efficitur
1539 4860 1710 4938 praeterea,
1742 4852 1822 4917 sieut
1843 4841 1909 4916 dixi,

639 5079 667 5133 *l
687 5080 725 5131 De
745 5080 828 5131 titulis
847 5080 890 5146 qui
910 5081 1030 5132 videntur
1049 5083 1161 5143 obstare,
1185 5081 1286 5147 egimus
1304 5081 1331 5131 in
1350 5080 1486 5132 corollario
1506 5081 1614 5132 huiusce
1634 5074 1843 5130 commentarioli.
