4400 6175
896 719 942 784 1v‚
956 719 989 774 19
1008 720 1043 774 20
1605 722 1648 785 59

297 890 408 956 Annus
431 891 590 957 indicatur
612 893 687 958 727.
738 891 856 958 Eodem
879 892 1017 977 pertinet
1038 893 1154 958 titulus
1176 913 1268 959 arcus
1290 894 1505 962 ariminensis
1527 896 1574 962 sic
1596 917 1649 960 ex·

298 993 496 1081 plandus'):
567 991 570 998 ’

646 1109 807 1164 SENATVS
862 1133 871 1152 ·
926 1110 1142 1176 POPVLVSQae
1177 1130 1290 1164 romanae

347 1204 395 1268 imp
478 1225 487 1244 ·
572 1205 669 1258 caesari
756 1205 809 1256 alai
897 1206 943 1257 iuli
1024 1207 1051 1272 s.
1142 1217 1246 1273 capucio
1335 1209 1384 1274 imp
1467 1230 1476 1249 ο
1558 1220 1611 1274 sept

348 1295 412 1349 GOS
444 1318 453 1337 ·
484 1297 573 1351 SEPT
605 1320 613 1339 ·
645 1297 824 1352 DESIGNAT
850 1320 859 1339 ·
885 1298 1052 1352 OCTAVOM
1077 1323 1086 1342 ·
1110 1299 1162 1352 Via
1245 1301 1374 1366 flaminib
1387 1305 1611 1354 abwmaailaa'i'

347 1389 627 1456 catassamitum
641 1415 650 1434 ·
664 1392 808 1448 insulsa
821 1415 830 1434 ·
845 1392 936 1448 vluls
951 1416 959 1433 ·
974 1392 1138 1448 consulo
1162 1397 1214 1448 aaa
1228 1396 1317 1461 populi
1334 1395 1434 1450 VSa'bac
1455 1391 1610 1450 rmausls
1623 1395 1650 1456 *)

297 1505 370 1568 itam
394 1505 564 1572 Suetonius
587 1509 668 1590 Aug.
685 1508 742 1576 30:
772 1511 936 1592 desumpta
957 1511 1023 1574 albi
1045 1511 1205 1574 Flaminia
1227 1512 1282 1575 oia
1306 1513 1450 1576 Arimino
1474 1522 1565 1576 lenas
1587 1533 1652 1576 ma·

297 1612 410 1676 alendo
439 1614 580 1696 reliquos
605 1615 847 1695 triumphalibus
870 1616 950 1678 ciris
981 1616 1195 1680 emacssbinll
1213 1617 1352 1696 pacata
1372 1619 1561 1681 sternendas
1585 1619 1651 1680 dis·

298 1716 423 1798 tribuit,
452 1715 589 1800 denique
613 1717 672 1782 Dio
688 1718 741 1794 53,
759 1719 800 1783 22
831 1723 999 1803 postquam
1028 1718 1153 1785 notavit
1173 1718 1314 1802 reliquas
1337 1718 1406 1784 vias
1428 1725 1519 1784 extra
1539 1719 1652 1784 urbem

298 1818 373 1882 alias
396 1819 471 1884 aliis
493 1819 694 1886 senatoribus
718 1821 887 1886 attributam
914 1841 984 1885 esse
1013 1820 1053 1886 ad
1076 1821 1281 1888 reficiendum
1304 1841 1364 1886 sua
1383 1821 1520 1907 pecunia
1540 1829 1594 1907 τῆς
1616 1824 1651 1887 δὲ

298 1923 332 2006 δὴ
356 1923 534 2009 lotapatae,
557 1925 671 2010 iuquit,
697 1924 799 2002 αὐτός,
823 1926 984 2012 ἐπειδήπερ
1008 1926 1235 2011 ἐπιστρατεύσειν
1259 1925 1299 1989 δι’
1317 1925 1410 2010 αὐτῆς
1423 1924 1560 2011 ἔμελλεν,
1585 1928 1652 1992 ἐπε·

298 2029 427 2114 μελήθη.
471 2030 525 2096 καὶ
544 2031 565 2112 ἡ
588 2030 642 2115 μὲν
666 2029 758 2101 εὐθὺς
786 2028 854 2096 τότε
879 2029 998 2113 ἐγένετο
1027 2031 1079 2094 καὶ
1102 2030 1152 2094 διὰ
1172 2034 1260 2095 τοῦτο
1283 2032 1336 2095 καὶ
1357 2027 1472 2100 εἰκόνες
1492 2030 1576 2117 αὐτῷ
1598 2030 1649 2117 ἐφ’

298 2133 407 2219 ἀψίδων
433 2130 464 2198 ἔν
488 2157 521 2198 τε
544 2139 582 2218 τῇ
604 2136 658 2198 τοῦ
672 2131 827 2222 Τιβέρνδος
849 2133 966 2221 γεφύρᾳ
988 2136 1039 2200 καὶ
1062 2132 1243 2222 ἑνἈριμίνῳ
1260 2134 1455 2219 ἐποιήθησαν.
1471 2176 1513 2188 --
1532 2135 1653 2213 Quibus

298 2244 370 2321 puto
393 2237 617 2323 supplementa
638 2259 710 2304 msa
739 2239 816 2304 satis
847 2237 984 2304 defendi.
1037 2237 1165 2303 Scilicet
1186 2245 1226 2304 ut
1244 2260 1286 2303 aa
1306 2241 1455 2304 monibilr
1477 2239 1654 2304 scribamus

299 2341 431 2406 suadent
455 2347 486 2406 et
508 2342 642 2425 vestigia
664 2341 698 2407 in
721 2341 826 2428 lapide
850 2347 975 2408 servata
997 2348 1207 2427 (quamquam
1230 2342 1370 2428 spatium
1391 2343 1655 2411 internanarum

298 2453 328 2509 et
348 2467 420 2514 unu
445 2446 554 2531 paullo
584 2447 749 2529 angustius
778 2453 826 2512 est
855 2466 952 2530 quam
974 2446 1059 2530 quod
1087 2453 1152 2511 tras
1182 2446 1305 2512 litteras
1329 2446 1490 2512 commode
1512 2447 1654 2531 recipiat,

299 2557 443 2615 cautam
465 2569 521 2635 pro
544 2572 585 2614 aa
607 2550 827 2616 consuetudini
849 2551 986 2634 Augusti
1009 2557 1177 2636 repugnat)
1205 2555 1237 2616 ct
1259 2550 1343 2634 quod
1366 2551 1506 2634 reliquas
1530 2570 1656 2634 quoque

300 2654 363 2720 uias
395 2675 436 2720 ex
471 2654 647 2720 manubiali
681 2654 816 2739 pecunia
850 2656 949 2722 sterni
984 2656 1079 2720 iussit
1109 2656 1289 2738 Augustus,
1333 2654 1469 2738 denique
1503 2653 1655 2738 temporis

299 2759 388 2838 rati03
418 2779 496 2824 nam
516 2757 716 2844 triumphum
738 2759 904 2826 Actiacum
926 2759 1091 2841 Augustus
1121 2765 1227 2840 egerat
1250 2764 1324 2824 ante
1348 2758 1520 2824 biennium.
1575 2757 1656 2821 Hinc

300 2868 402 2928 autem
418 2861 553 2947 explica,
572 2883 627 2926 cur
641 2883 697 2947 per
713 2883 741 2926 a.
751 2863 921 2926 726-728
937 2867 983 2927 tot
997 2861 1153 2946 triumphi
1164 2863 1305 2927 concessi
1317 2862 1391 2939 sint,
1409 2868 1485 2944 quot
1495 2867 1658 2946 praeterea

300 2968 383 3036 nullo
406 2974 550 3054 tompore
572 2967 635 3034 acti
656 2967 872 3034 inveniuntur.
910 2966 1015 3032 Verba
1038 2969 1183 3032 Arimino
1207 2978 1297 3032 lecca
1321 2987 1360 3033 cx
1382 2964 1532 3038 Suetonio
1556 2963 1656 3030 adsci-

300 3071 400 3137 vimus
424 3071 460 3137 in
483 3071 552 3159 ipso
573 3071 679 3159 lapide
697 3071 775 3139 satis
790 3070 939 3137 indicata.
977 3069 1024 3135 De
1040 3070 1201 3156 pontibus,
1226 3091 1305 3154 quos
1321 3068 1499 3135 restituisse
1515 3090 1549 3132 se
1563 3073 1659 3151 nogat
1695 3073 1700 3082 ‘

299 3176 482 3258 Augustus,
511 3176 697 3241 notissimus
728 3182 777 3240 est
798 3174 937 3240 Mulvius
967 3175 1071 3239 lactus
1100 3196 1120 3238 a
1142 3175 1184 3240 M.
1202 3174 1320 3241 Scauro
1344 3192 1568 3239 consorano.
1592 3174 1656 3236 645

301 3278 422 3363 (Victor
438 3300 467 3344 v.
483 3278 530 3343 ill.
547 3278 606 3361 723
630 3280 736 3345 Amm.
753 3278 848 3343 Marc.
863 3280 915 3356 27,
930 3280 961 3356 3,
980 3280 1025 3361 9),
1049 3299 1164 3345 nomen
1186 3284 1294 3345 tamon
1317 3283 1429 3342 nactus
1452 3276 1493 3341 ab
1517 3281 1658 3341 curatore

300 3382 405 3467 aliquo
436 3383 614 3469 antiquiore
637 3381 677 3446 ad
707 3382 886 3470 exemplum
907 3380 1046 3447 Fabricii
1075 3383 1128 3459 (cl.
1158 3384 1324 3447 Muluiana
1347 3384 1568 3448 controversia
1594 3380 1658 3446 Cic.

301 3482 337 3550 ad
352 3490 422 3552 Att.
440 3488 470 3563 2,
486 3482 536 3568 15,
550 3486 596 3569 4).
634 3484 716 3549 Eum
731 3485 836 3569 ipsum
858 3491 1094 3571 repraesentare
1117 3486 1220 3551 solent
1236 3483 1359 3552 nummi
1375 3486 1444 3553 nias
1460 3487 1500 3551 ab
1516 3487 1659 3569 Augusto

301 3592 440 3657 munitas
462 3590 690 3676 praedicantes,
715 3589 836 3655 seilicet
858 3594 986 3674 propter
1009 3610 1118 3655 arcum
1140 3610 1271 3656 arnusve
1294 3599 1364 3656 tum
1379 3590 1413 3655 in
1428 3590 1580 3657 honorem
1594 3592 1660 3655 Au·

301 3696 382 3777 gusti
406 3696 508 3760 factos
530 3694 565 3759 in
587 3700 682 3780 ponte
707 3714 742 3758 eo
766 3697 814 3774 (v.
838 3693 991 3777 Borghesi
1014 3713 1084 3777 opp.
1110 3695 1140 3770 2,
1158 3695 1254 3774 366).
1299 3696 1344 3759 At
1370 3714 1471 3759 novus
1495 3693 1587 3759 nobis
1611 3713 1660 3757 ac-

282 3798 375 3907 ⁸cidit
396 3818 479 3883 pons
494 3796 653 3863 Minucius
676 3818 779 3882 neque
800 3796 858 3861 ubi
879 3796 975 3861 luerit
997 3796 1072 3861 sciri
1093 3802 1210 3882 potest3
1235 3796 1444 3881 probabiliter
1464 3802 1661 3862 tamencum

301 3904 473 3968 reseremus
497 3900 537 3966 ad
553 3901 726 3967 Thermum
747 3899 850 3977 illum,
875 3899 914 3964 de
938 3919 1000 3983 quo
1023 3899 1207 3964 consulatus
1229 3900 1263 3963 in
1284 3920 1312 3963 a
1325 3901 1390 3964 690
1405 3900 1537 3983 petitore
1553 3900 1661 3965 Cicero

302 4007 413 4072 scribit
435 4006 572 4093 (casa
591 4009 619 4084 1,
639 4007 720 4091 La)
742 4006 792 4069 his
815 4004 937 4069 verbis:
960 4026 1048 4069 acmo
1072 4012 1121 4069 cel
1143 4026 1185 4068 cc
1205 4007 1260 4086 iia,
1284 4007 1338 4086 pal
1360 4024 1443 4069 canc
1460 4014 1582 4087 petant,
1605 4010 1661 4088 qai

302 4113 330 4173 si
352 4115 387 4175 ιἰι
411 4120 554 4176 nostram
575 4132 689 4175 canam
709 4112 859 4174 reciderit
878 4112 1000 4191 firmior
1016 4111 1206 4174 candidolas
1221 4112 1294 4191 sore
1308 4111 1467 4186 videatur,
1487 4118 1662 4193 propterea

303 4218 385 4295 qaod
399 4226 532 4280 carator
547 4225 596 4280 eal
610 4216 877 4296 cicel'lomloa'ac,
893 4234 973 4295 paca
990 4234 1057 4278 mam
1072 4216 1133 4277 erit
1149 4214 1311 4295 absolata,
1325 4234 1404 4277 soce
1417 4216 1516 4296 focile
1527 4235 1660 4278 comm.

303 4318 442 4404 (reliqua
465 4325 634 4407 corrupta).
676 4318 736 4383 Via
759 4324 865 4383 antem
887 4316 1027 4382 Minucia
1050 4317 1130 4402 (Cic.
1147 4316 1187 4380 ad
1203 4320 1269 4382 Att.
1281 4318 1313 4396 9,
1326 4319 1356 4393 6,
1373 4317 1406 4396 13
1434 4316 1542 4382 Horat.
1563 4336 1611 4402 ep.
1633 4321 1661 4394 1,

306 4425 354 4502 18,
370 4426 429 4505 20)
453 4424 516 4490 huc
538 4424 626 4488 nullo
648 4422 741 4487 modo
763 4423 909 4508 pertinet.

362 4690 391 4755 ⁸)
411 4689 600 4760 Supplemcnta
618 4694 680 4744 sunt
691 4690 830 4759 Borghesii
842 4688 914 4759 (opp.
928 4691 944 4743 2
962 4706 988 4761 p.
999 4688 1051 4744 386
1062 4687 1121 4757 sq.)‚
1140 4691 1192 4742 nisi
1204 4690 1273 4758 quod
1286 4693 1403 4745 exbsmo
1415 4707 1493 4743 versu
1505 4692 1529 4742 is
1542 4691 1662 4757 scripsit:

305 4770 404 4830 camilia
429 4777 465 4841 [et
482 4798 557 4846 opera
575 4776 641 4841 ossac
660 4776 786 4840 [munitum
805 4776 943 4842 tralJitais,
967 4792 1019 4829 non
1038 4778 1123 4841 recte,
1148 4792 1207 4828 nam
1226 4779 1284 4831 vias
1303 4779 1362 4831 aliis
1381 4776 1536 4829 reficiendas
1554 4775 1664 4829 traditae

305 4868 366 4917 sunt
382 4866 417 4917 ab
429 4862 559 4934 Augusto,
578 4878 629 4917 non
648 4862 759 4916 traditas
778 4864 889 4917 oonsilio
908 4864 974 4916 sius.
1011 4863 1167 4915 Monsndum
1186 4867 1273 4917 autam
1291 4868 1334 4918 est
1349 4865 1377 4917 in
1390 4867 1507 4916 extremo
1518 4862 1664 4930 fragmento

305 4949 387 5004 fnisse
405 4956 451 5007 aut
468 4952 562 5007 lusus
581 4954 626 5005 aut
644 4949 739 5007 uiuis
758 4950 932 5019 praecedente
949 4951 1037 5005 littera
1054 4966 1109 5005 non
1125 4953 1238 5006 exeunte
1256 4952 1283 5004 in
1300 4953 1398 5006 lineam
1414 4955 1598 5014 transversam,
1618 4950 1664 5005 sed

306 5036 333 5089 in
352 5038 443 5093 circuli
461 5041 568 5109 partem.
