4400 6175
550 727 593 792 42
1138 719 1324 791 ruer-aa
1409 715 1415 727 ’

551 905 624 986 post
645 901 820 966 Antonium
841 899 1015 976 deuotum,
1045 899 1207 982 mitigatae
1235 901 1300 964 iam
1330 906 1362 965 et
1384 922 1404 963 a
1424 899 1557 965 militari
1578 899 1695 964 ferocia
1717 898 1757 962 ad
1778 898 1909 962 civilem

552 1011 671 1070 statum
684 1005 838 1082 redeunti,
863 1010 895 1069 et
916 1002 1111 1068 coloniarum
1132 1024 1284 1068 novarum
1307 1011 1380 1088 post
1407 1024 1546 1089 pugnam
1569 1002 1732 1066 Actiacam
1754 1001 1908 1066 constitu-
2019 984 2020 1027 l

551 1116 656 1173 tarum
679 1109 808 1173 nomina
829 1107 919 1172 nulla
939 1107 1124 1186 traduntur3
1148 1127 1246 1190 quam
1268 1107 1308 1171 cb
1332 1106 1500 1191 rem'quod
1523 1105 1635 1170 scribit
1648 1105 1794 1189 Hyginus
1808 1125 1908 1170 novas
2019 1142 2020 1205 ἑ

551 1213 646 1277 urbes
669 1220 738 1278 tum
760 1211 946 1278 constitutas
969 1231 1039 1275 esse
1055 1211 1169 1276 deletis
1183 1211 1324 1276 boetium
1339 1211 1533 1288 civitatibus,
1555 1209 1742 1294 praesertim
1755 1209 1910 1274 maxerim

552 1317 593 1380 ad
615 1316 753 1382 colonias
776 1317 810 1382 in
833 1315 1002 1401 provinciis
1018 1315 1215 1392 constitutas,
1239 1316 1373 1380 Dionem
1390 1322 1496 1381 autem
1511 1312 1699 1378 crediderim
1717 1312 1910 1396 adsignatio

552 1442 624 1486 nem
639 1421 810 1486 militarem
825 1419 898 1506 plus
921 1419 1005 1484 iusto
1027 1419 1164 1483 auxisse.
1182 1457 1223 1466 -
1239 1419 1372 1484 lambis
1392 1418 1505 1505 positis
1520 1418 1577 1484 ubi
1591 1418 1731 1484 redimus
1747 1419 1788 1482 ad
1802 1418 1909 1483 locum

552 1525 591 1590 de
616 1545 676 1607 quo
700 1524 838 1606 agimus,
868 1523 998 1607 praedia
1020 1522 1191 1599 collaticia,
1221 1543 1303 1605 quae
1325 1523 1441 1608 opponi
1464 1521 1713 1606 provincialibus
1741 1523 1851 1606 itaque
1874 1523 1907 1586 in
2019 1510 2020 1597 Ϊ

551 1628 646 1692 Italia
667 1627 848 1712 quaerenda
869 1647 939 1692 esse
961 1625 1112 1703 vidimus,
1142 1633 1217 1691 sunt
1239 1627 1309 1691 eine
1335 1627 1433 1691 dubio
1455 1627 1531 1690 illae
1552 1626 1779 1692 territoriorum
1801 1633 1909 1712 partes
2019 1648 2020 1657 ¹

552 1739 624 1817 post
648 1753 787 1817 pugnam
809 1731 972 1796 Actiacam
1001 1729 1127 1815 oppidis
1149 1730 1271 1795 Italicis
1299 1731 1345 1795 ita
1366 1729 1549 1816 ademptae,
1578 1736 1616 1794 ut
1636 1728 1725 1814 ipsae
1746 1729 1908 1795 militibus

553 1835 725 1900 victoribus
753 1834 983 1911 dividerentur,
1011 1834 1150 1918 pretium
1177 1842 1283 1899 autem
1311 1855 1421 1899 aarum
1447 1833 1630 1918 municipiis
1651 1834 1699 1898 ita
1720 1834 1908 1918 spoliatisa
2019 1838 2020 1925 ,

553 1941 685 2004 Caesare
707 1939 947 2025 persolveretur.
993 1937 1168 2023 Municipia
1189 1938 1275 2003 enim
1296 1939 1582 2024 hicappellantur,
1612 1959 1675 2003 non
1698 1939 1848 2016 coloniae,
1876 1946 1908 2002 et

552 2051 635 2119 recte
660 2043 802 2128 quidem:
826 2063 900 2107 nem
922 2042 1062 2127 primum
1085 2042 1188 2124 egitur
1209 2042 1269 2106 hoc
1291 2042 1358 2107 loco
1381 2042 1420 2106 de
1444 2043 1540 2107 rebus
1562 2042 1700 2126 publicis
1715 2042 1908 2125 quibuscun-

553 2169 615 2231 que
636 2154 702 2212 tam
724 2148 758 2211 in
773 2147 868 2212 ltalia
889 2167 986 2230 quam
1007 2146 1042 2210 in
1064 2145 1236 2230 provinciis
1258 2151 1327 2211 tum
1350 2167 1440 2229 agros
1456 2147 1571 2210 Caesar
1593 2145 1720 2222 ademit,
1741 2151 1780 2210 ut
1793 2166 1908 2211 nomen

551 2250 733 2337 ponendum
755 2250 851 2315 fuerit
871 2251 1008 2315 maxime
1032 2251 1193 2332 generale,
1226 2249 1341 2315 deinde
1364 2251 1460 2315 etiam
1482 2251 1515 2314 in
1539 2249 1665 2336 oppidis
1687 2270 1725 2314 ea
1746 2251 1908 2315 occasione
2019 2288 2020 2343 3

554 2356 595 2420 ed
628 2355 768 2421 coloniae
799 2339 986 2438 dignitatem
1020 2355 1139 2420 evectis
1174 2355 1312 2439 pretium
1345 2375 1491 2438 agrorum
1525 2356 1743 2440 adempturum
1772 2356 1911 2441 persolvi

553 2459 664 2525 debuit
688 2459 735 2524 rei
759 2457 906 2544 publicae
932 2457 1095 2540 antiquae,
1124 2477 1187 2521 non
1213 2477 1314 2522 novae
1337 2458 1487 2523 coloniae.
1540 2459 1705 2524 Collaticia
1726 2465 1832 2524 autem
1853 2481 1908 2525 cur

553 2563 707 2640 dicantur,
730 2563 764 2627 in
786 2570 935 2648 promptu
949 2568 1006 2628 est.
1049 2562 1132 2627 Nam
1155 2561 1314 2648 ademptio
1337 2564 1415 2628 haec
1437 2569 1474 2628 ut
1497 2565 1643 2647 quamvis
1664 2565 1700 2629 in
1722 2585 1756 2628 re
1777 2565 1905 2642 iniusta,
2019 2638 2020 2641 Ἴ

552 2675 659 2733 tamen
687 2668 774 2733 iusta
803 2667 925 2734 ratione
951 2668 1055 2744 fieret,
1087 2667 1134 2731 ita
1160 2666 1341 2751 peragenda
1370 2674 1453 2744 erat,
1482 2673 1520 2732 ut
1546 2669 1604 2733 ubi
1626 2673 1739 2752 quarta
1759 2669 1908 2736 territorii
2019 2692 2020 2743 v

552 2793 626 2858 pars
649 2770 854 2848 adimeretur,
885 2771 935 2837 sui
960 2769 1095 2854 quisque
1118 2770 1185 2852 agri
1211 2776 1334 2855 partem
1357 2776 1502 2855 quartam
1524 2792 1687 2856 possessor
1709 2771 1833 2837 cederet
1855 2779 1908 2857 ant
2019 2762 2020 2809 ³

552 2895 632 2941 novo
655 2872 764 2942 colono
794 2880 849 2939 aut
871 2874 969 2940 veteri
992 2874 1177 2959 possessori,
1208 2874 1260 2938 cui
1281 2875 1356 2959 plus
1379 2880 1493 2958 quarta
1520 2880 1609 2960 parte
1635 2875 1786 2960 adempta
1814 2883 1906 2954 esset,
2019 2948 2020 2967 χ

551 2981 660 3063 itaque
689 3001 723 3044 re
752 3000 861 3044 omnes
890 2980 1066 3044 conferrent
1093 2978 1133 3042 ad
1162 2984 1308 3062 quartem
1335 2980 1485 3044 territorii
1512 2986 1635 3064 partem
1657 2980 1749 3044 novis
1772 2979 1906 3044 dominis
2019 2980 2020 3003 ³

551 3106 685 3150 vacuam
706 3083 901 3149 uadendum.
943 3083 1083 3149 Pecunia
1105 3104 1178 3149 vero
1201 3104 1258 3169 pro
1286 3084 1454 3150 collaticiis
1482 3084 1565 3169 agris
1588 3106 1608 3149 a
1631 3085 1764 3149 Caesare
1785 3084 1908 3150 reddita
2019 3135 2020 3172 ,

553 3189 736 3253 solvebatur
758 3188 941 3273 municipiis
963 3208 1000 3251 ea
1015 3187 1138 3253 scilicet
1159 3187 1237 3269 lege,
1260 3196 1297 3252 ut
1319 3187 1456 3253 dominis
1478 3189 1574 3253 laesis
1596 3210 1653 3273 pro
1675 3190 1817 3275 portione
1839 3212 1908 3255 eam

553 3291 787 3383 distribuerent.
817 3332 859 3341 -
887 3292 993 3375 lpsam
1019 3289 1117 3372 igitur
1144 3289 1377 3376 ademptionem
1406 3314 1479 3357 cum
1500 3292 1660 3357 triumviri
1687 3292 1907 3358 itainstituie·

553 3400 639 3471 sent,
676 3398 712 3458 ut
739 3400 770 3458 et
799 3413 908 3459 omnes
935 3413 1134 3477 possessores
1162 3393 1300 3458 eicerent
1325 3414 1430 3477 neque
1458 3396 1519 3459 ulli
1547 3396 1723 3480 quidquam
1750 3418 1805 3482 pro
1835 3418 1906 3480 agro

553 3504 659 3583 erepto
681 3497 862 3575 redderent,
893 3498 1007 3563 Caesar
1028 3497 1074 3562 ita
1096 3498 1303 3582 temperavit,
1332 3506 1369 3564 ut
1390 3500 1530 3584 primum
1552 3500 1678 3586 oppidis
1700 3500 1821 3566 Italicis
1844 3502 1906 3587 ple·
2019 3499 2020 3520 ¹

552 3622 687 3685 rumque
708 3608 790 3665 certe
810 3622 873 3666 non
888 3601 1041 3667 adimeret
1062 3602 1128 3667 nisi
1150 3602 1300 3667 territorii
1320 3613 1452 3688 partem,
1477 3604 1591 3669 deinde
1606 3624 1662 3689 pro
1678 3604 1825 3690 adempto
1840 3627 1907 3690 pre·

552 3706 634 3772 tium
657 3706 717 3771 etsi
740 3726 802 3769 non
825 3706 955 3784 iustum,
982 3712 1088 3771 tamen
1112 3706 1242 3789 aliquod
1264 3709 1425 3773 veteribus
1447 3710 1684 3794 possessoribus
1706 3710 1906 3794 persolveret.

552 3811 664 3877 Fuisse
684 3810 766 3875 hanc
789 3832 947 3877 summam
962 3810 1088 3877 sexiens
1111 3811 1239 3875 miliens
1262 3812 1331 3896 ipse
1354 3813 1478 3893 acribit3
1502 3834 1578 3878 cava
1600 3821 1706 3877 autem
1722 3813 1835 3878 collato
1850 3813 1908 3878 mi·
2019 3859 2020 3902 Ξ

553 3917 645 3981 litum
661 3922 891 3992 veteranorum,
915 3915 972 3999 qui
986 3915 1179 4000 triumphale
1194 3916 1390 3998 congiarium
1404 3925 1601 4002 acceperunt,
1624 3937 1754 3982 numero
1772 3938 1841 3985 cxx
1851 3918 1908 3982 mi·
2019 4001 2020 4016 χ

553 4020 633 4083 lium
656 4018 730 4083 inde
753 4019 871 4083 efficias
894 4039 951 4104 pro
974 4019 1110 4102 singulis
1133 4019 1404 4104 possessionibus,
1436 4040 1517 4104 quae
1541 4023 1639 4085 veteri
1661 4022 1835 4107 possessori
1857 4022 1908 4086 ad-

554 4122 726 4201 imerentur
742 4128 773 4185 et
788 4123 884 4187 militi
900 4122 1152 4205 adsignarentur,
1175 4122 1225 4188 illi
1244 4125 1404 4209 persoluta
1419 4145 1488 4189 esse
1504 4126 1602 4209 quina
1616 4126 1706 4189 milia
1719 4126 1907 4191 sestertium.

554 4225 635 4291 Nam
650 4244 718 4293 cxx
729 4224 820 4289 milia
833 4225 1007 4303 hominum,
1032 4226 1149 4309 quibus
1171 4227 1207 4289 in
1228 4246 1285 4291 suo
1307 4227 1422 4312 cuique
1437 4228 1552 4313 oppido
1567 4229 1793 4293 numerabatur
1807 4250 1836 4293 a.
1845 4231 1907 4295 725

553 4328 745 4413 triumphale
768 4328 972 4411 congiarium,
996 4328 1115 4393 milites
1138 4337 1213 4394 sunt
1234 4331 1362 4395 victoris
1383 4332 1539 4397 exercitus
1561 4353 1669 4397 omnes
1684 4342 1809 4418 praeter
1822 4355 1908 4419 pere-

555 4435 659 4517 grinos
683 4453 799 4515 eosque
823 4433 878 4517 qui
901 4433 1065 4499 etiamtum
1088 4436 1128 4499 ad
1152 4434 1243 4517 signa
1256 4436 1429 4500 merebant.
1466 4437 1509 4501 At
1524 4459 1563 4501 ex
1577 4437 1629 4501 his
1644 4437 1821 4503 deducendi
1836 4445 1910 4502 sunt

555 4537 672 4603 milites
694 4556 865 4622 paucorum
888 4536 1126 4621 stipendiorum,
1153 4558 1232 4620 quos
1248 4518 1309 4601 Dio
1331 4539 1444 4603 scribit
1458 4560 1520 4603 non
1537 4561 1646 4623 agrum
1662 4542 1831 4627 accepisse,
1855 4541 1908 4606 sed

555 4640 736 4724 pecuniam3
761 4648 923 4725 praeterea
940 4640 1004 4723 agri
1029 4660 1147 4718 eorum,
1171 4642 1228 4725 qui
1249 4663 1321 4707 cum
1342 4644 1479 4708 Antonio
1499 4645 1632 4723 fuerant,
1657 4646 1813 4731 publicati
1836 4653 1910 4710 sunt

555 4744 625 4809 sine
649 4742 745 4808 dubio
767 4744 868 4829 pretio
891 4745 980 4809 nullo
1004 4746 1106 4812 soluto
1129 4746 1275 4831 partique
1296 4741 1512 4833 possessorum
1533 4770 1590 4834 pro
1610 4751 1692 4833 agris
1708 4750 1828 4815 Italicis
1842 4750 1909 4815 red-

556 4848 615 4915 diti
630 4853 705 4911 eunt
718 4847 939 4931 provinciales,
956 4856 992 4913 ut
1006 4871 1133 4915 summa
1147 4851 1310 4935 aliquanto
1322 4852 1421 4917 maior
1432 4852 1472 4917 ad
1484 4873 1680 4939 possessores
1692 4862 1832 4919 extorres
1843 4876 1909 4941 per·

555 4952 681 5017 venisse
697 4950 849 5016 videatur.
889 4950 1040 5037 Spectant
1054 4959 1161 5019 autem
1182 4955 1309 5021 omuino
1324 4956 1461 5021 adhaec
1483 4957 1695 5023 necessariam
1710 4959 1803 5042 quasi
1817 4959 1909 5045 pretii

556 5058 746 5123 solutionem
761 5078 842 5140 quae
858 5056 917 5122 Dio
932 5059 1054 5123 retulit
1068 5058 1107 5124 de
1122 5061 1274 5144 pecuniae
1288 5080 1346 5145 pro
1362 5062 1446 5144 agris
1462 5062 1625 5127 aCaesare
1640 5063 1907 5147 pernumerandae

557 5182 683 5227 summa
699 5167 731 5226 et
745 5160 933 5227 necessitate
948 5169 980 5227 et
994 5162 1190 5241 difficultate,
1207 5184 1401 5249 quamquam
1415 5166 1501 5251 apud
1515 5166 1622 5251 ipsum
1634 5166 1768 5232 Dionem
1779 5164 1908 5231 necessi-

556 5272 606 5332 taa
617 5266 696 5333 haec
706 5266 814 5355 paullo
829 5266 922 5334 aliter
933 5266 1095 5354 accipitur,
1112 5288 1283 5356 suppressa
1292 5268 1494 5355 praediorum
1504 5270 1732 5337 collaticiorum
1742 5271 1907 5336 mentione
