4400 6175
524 694 585 756 100
1105 693 1291 758 171,13-23

520 887 593 930 nem
620 867 751 950 persenit
779 867 829 930 die
858 865 1005 930 indicato.
1066 866 1153 942 Quae
1183 867 1289 930 omnia
1318 886 1381 930 non
1410 873 1535 931 tantum
1565 873 1674 952 coepta
1703 868 1882 942 91911919,

521 971 576 1034 sed
605 973 743 1054 perfecta
771 992 839 1034 esse
869 970 1073 1054 depositoque
1109 970 1356 1034 extraordinario
1391 971 1437 1032 rei
1467 971 1613 1055 publicae
1643 971 1884 1035 constituendae

521 1074 651 1138 arbitrio
675 1075 854 1156 Augustum
878 1073 1027 1158 deinceps
1049 1093 1113 1136 non
1136 1073 1199 1136 nisi
1229 1074 1433 1156 magistratus
1461 1075 1530 1138 iure
1553 1077 1713 1139 communi
1736 1075 1799 1140 sibi
1829 1075 1885 1140 de-

520 1177 600 1241 latos
629 1178 804 1242 obtinuisse
834 1178 902 1261 1999
930 1177 988 1240 199
1013 1197 1069 1242 999
1097 1183 1261 1260 tamquam
1286 1184 1476 1241 testamento
1506 1181 1714 1264 perscriptum
1739 1178 1883 1261 reliquit,

519 1281 656 1345 maxime
685 1282 741 1345 ubi
772 1281 816 1344 ait
844 1288 916 1364 post
944 1301 971 1345 a.
991 1282 1053 1344 727
1090 1279 1243 1362 dignitate
1271 1303 1306 1344 se
1335 1282 1465 1364 quidem
1494 1283 1643 1346 omnibus
1675 1282 1885 1367 praestitisse

519 1385 683 1467 potestatis
717 1390 823 1449 autem
856 1383 936 1447 nihil
970 1383 1106 1468 amplius
1134 1384 1290 1447 habuisse
1314 1405 1410 1467 quam
1437 1385 1592 1449 haberent
1617 1387 1650 1450 in
1677 1405 1884 1468 unoquoque,

519 1488 707 1570 magistratu
729 1490 877 1570 collegae.
923 1489 987 1551 Nec
1012 1489 1185 1570 refragatur
1207 1509 1313 1552 rerum
1334 1491 1487 1554 memoria
1508 1511 1592 1554 vera.
1638 1489 1721 1553 Nam
1743 1510 1817 1553 cum
1840 1488 1885 1551 ad

520 1613 548 1655 a.
571 1613 673 1675 usque
697 1594 759 1658 727
790 1592 968 1677 9999199199
998 1592 1108 1676 999911
1130 1593 1262 1656 Romani
1291 1594 1481 1658 obtinuisset
1510 1602 1543 1657 91
1569 1614 1677 1658 omnes
1705 1592 1802 1656 simul
1823 1613 1886 1655 nec

519 1703 659 1780 tempore
687 1697 867 1780 praefinito,
903 1696 1043 1780 primum
1072 1697 1197 1759 senatui
1230 1696 1370 1760 reddidit
1396 1697 1574 1781 provincias
1603 1717 1728 1772 omnes,
1765 1695 1885 1760 deinde

522 1806 643 1884 partem
674 1821 796 1876 earum,
827 1800 978 1865 nimirum
1008 1819 1061 1862 eas
1098 1794 1178 1880 quae
1201 1799 1350 1885 deinceps
1374 1801 1523 1864 Caesaris
1553 1799 1617 1864 dici
1639 1806 1767 1884 coeptae
1794 1806 1884 1875 sunt,

521 1903 568 1966 ita
590 1905 718 1986 9999911,
743 1911 778 1966 91
800 1903 839 1967 ad
861 1902 1049 1966 decennium
1072 1902 1113 1965 iis
1129 1910 1289 1986 praeesset
1311 1903 1378 1967 loco
1402 1904 1628 1988 proconsulari,
1652 1911 1688 1966 ut
1709 1903 1774 1966 nisi
1796 1922 1884 1978 vere,

520 2013 602 2070 certe
626 2027 688 2069 non
712 2007 779 2070 sine
804 2006 907 2088 specie
931 2006 997 2068 veri
1025 2005 1088 2068 dici
1116 2013 1224 2088 posset
1245 2007 1310 2069 iam
1333 2008 1511 2087 Augustum
1535 2011 1605 2070 iure
1627 2027 1689 2071 non
1711 2005 1837 2070 differre
1863 2028 1886 2068 a

520 2112 631 2174 9919919
658 2111 734 2175 91919
762 2103 997 2184 consularibus,
1028 2110 1084 2193 qui
1114 2131 1132 2172 a
1155 2117 1268 2174 senatu
1290 2111 1484 2194 provinciam
1514 2111 1734 2174 obtinuissent
1784 2110 1885 2173 Recte

520 2214 616 2296 igitur
644 2235 711 2277 rem
739 2212 894 2296 expressit
923 2212 1051 2276 Tacitus
1082 2214 1177 2296 (ann.
1197 2216 1231 2286 1,
1251 2217 1278 2275 1.
1297 2214 1355 2296 2),
1392 2214 1449 2276 911
1476 2215 1649 2298 9999191999
1676 2213 1884 2298 posteriorem

519 2316 644 2400 imperii
667 2324 788 2401 partem
810 2317 989 2397 Augustum
1013 2316 1124 2380 scribit
1146 2316 1308 2380 consulem
1331 2337 1365 2378 99
1387 2318 1538 2382 ferentem
1564 2326 1595 2380 et
1615 2317 1779 2382 tribunicii
1799 2317 1883 2381 iuris

519 2420 624 2504 specie
648 2419 813 2504 paullatim
838 2419 1048 2482 insurrexisse
1071 2418 1244 2501 muniaque
1268 2428 1396 2482 senatus
1419 2419 1662 2501 magistratuum
1676 2421 1782 2502 legum
1796 2421 1828 2484 in
1843 2441 1883 2484 se

519 2524 667 2599 traxisse,
698 2523 835 2605 denique
864 2523 990 2586 nomine
1020 2523 1174 2607 principis
1197 2523 1392 2587 999919991
1417 2523 1587 2607 imperium
1611 2523 1778 2607 accepisse.
1830 2525 1885 2587 119

520 2635 627 2692 auctor
650 2625 753 2709 grabis
778 2634 808 2690 et
831 2627 969 2710 prudens
995 2627 1078 2691 99911
1100 2627 1253 2690 sibitam
1275 2627 1315 2690 ab
1339 2627 1477 2690 officioso
1501 2627 1683 2710 aequalium
1705 2629 1884 2705 mendacio,

520 2732 612 2813 quasi
634 2752 705 2794 9999
722 2732 884 2812 Augustus
909 2752 936 2793 a.
950 2732 1013 2794 727
1037 2731 1217 2794 libertatem
1240 2731 1350 2814 populi
1366 2730 1501 2794 Romani
1523 2731 1724 2808 restituisset,
1749 2721 1846 2814 quam
1864 2754 1886 2796 a

519 2836 725 2920 posteriorum
749 2835 894 2899 sollemni
910 2856 1023 2910 errore,
1049 2835 1142 2917 quasi
1162 2855 1198 2898 eo
1219 2842 1359 2919 tempore
1375 2835 1622 2899 dominationem
1638 2835 1744 2918 palam
1760 2836 1885 2918 procla-

518 2947 644 3004 masset.
680 2940 835 3023 Principis
859 2946 965 3003 autem
987 2939 1114 3003 nomine
1130 2959 1322 3022 quamquam
1338 2940 1505 3021 Augustus
1520 2939 1554 3003 in
1569 2939 1695 3020 legibus
1712 2939 1886 3022 titulisque

518 3043 682 3119 abstinuit,
705 3050 742 3107 ut
765 3042 890 3120 debuit,
921 3065 993 3108 cum
1017 3044 1218 3125 magistratui
1240 3043 1322 3108 nulli
1345 3043 1564 3128 responderet,
1592 3050 1700 3107 tamen
1722 3043 1763 3107 ad
1786 3065 1886 3108 suum

519 3148 624 3211 locum
645 3148 853 3212 indicandum
869 3152 900 3211 et
920 3148 972 3211 hic
993 3148 1026 3211 id
1043 3148 1190 3212 adhibuit
1205 3156 1237 3210 et
1250 3147 1354 3211 tribus
1371 3146 1444 3211 aliis
1461 3148 1491 3223 2,
1502 3149 1554 3211 45.
1573 3151 1602 3223 1,
1615 3150 1667 3210 44.
1686 3149 1716 3224 6,
1730 3150 1761 3211 6.
1799 3149 1887 3213 Con-

518 3253 622 3314 1199991
643 3252 726 3313 idem
748 3254 908 3332 principis
925 3256 1095 3315 1999919119
1113 3252 1325 3319 denominatio
1348 3272 1412 3315 non
1435 3251 1503 3315 sine
1525 3252 1639 3316 idonea
1660 3272 1757 3315 cauea
1771 3253 1884 3336 pueris

517 3354 568 3431 119,
592 3355 708 3436 quibus
731 3354 901 3437 imperium
924 3354 1153 3431 destinabatur,
1179 3362 1210 3419 et
1226 3356 1378 3420 attributa
1393 3363 1426 3420 et
1440 3362 1608 3431 reservata,
1631 3355 1665 3418 id
1682 3356 1767 3438 quod
1781 3376 1883 3441 supra

518 3458 582 3519 iam
604 3457 683 3540 936
702 3457 938 3525 observavimus
961 3458 1056 3531 allato
1071 3458 1140 3522 loco
1161 3459 1360 3523 memorabili
1376 3457 1494 3522 decreti
1510 3458 1706 3534 Pisanorum,
1728 3459 1784 3523 ubi
1806 3480 1884 3543 que-

517 3567 630 3625 runtur
645 3560 677 3623 0.
692 3560 859 3624 Caesarem
874 3560 1011 3642 Augusti
1026 3559 1129 3625 filirim
1146 3571 1284 3642 ereptum
1297 3564 1416 3641 populo
1429 3563 1572 3625 11999999
1591 3565 1656 3625 iam
1671 3564 1884 3647 desipnuqam

518 3663 742 3747 0999999999
765 3686 803 3727 99
826 3667 1025 3727 9991119999
1046 3670 1193 3747 pareatis
1218 3670 1269 3728 991
1292 3667 1463 3729 uirtutibus
1485 3670 1670 3746 principem.
1705 3666 1883 3751 Scriptores

519 3788 643 3851 quoque
661 3768 773 3831 9919119
791 3770 953 3850 Augustae
970 3776 1002 3833 et
1017 3769 1206 3832 Tiberianae
1229 3769 1381 3852 principis
1396 3768 1550 3832 vocabulo
1574 3768 1721 3833 similiter
1735 3776 1880 3846 utuntur,

518 3871 718 3955 imperatoris
742 3877 849 3936 autem
871 3871 918 3935 ibi
941 3872 1089 3948 maxime,
1114 3872 1171 3935 ubi
1194 3872 1298 3953 agitur
1321 3871 1359 3934 de
1383 3892 1416 3934 re
1439 3872 1580 3937 militari.
1615 3872 1760 3955 Denique
1784 3874 1881 3938 Tibe-

518 3976 585 4039 rius
608 3976 641 4038 in
665 3976 745 4059 ipsis
768 3976 870 4039 titulis
895 3996 957 4039 non
983 3996 1051 4040 raro
1075 3976 1134 4039 hoc
1157 3976 1283 4039 nomine
1307 3975 1514 4059 compellatur
1537 3977 1702 4058 (princeps
1726 3982 1880 4057 optimas:

517 4077 646 4139 Henzen
671 4080 770 4155 5393;
805 4084 940 4159 9911999
973 4100 1011 4142 99
1042 4083 1237 4143 iustissimus
1263 4084 1433 4160 princeps:
1463 4077 1558 4141 Orell.
1581 4080 1639 4158 253
1667 4084 1819 4162 princeps
1849 4094 1880 4145 91

519 4192 739 4245 conservator:
763 4181 857 4245 Orell.
872 4186 934 4246 617
952 4212 995 4236 =
1013 4184 1046 4245 0.
1063 4184 1088 4245 1.
1105 4184 1139 4245 L.
1163 4184 1194 4245 ll
1217 4204 1247 4248 n.
1258 4183 1370 4266 2038),
1395 4203 1453 4246 999
1474 4182 1612 4245 multum
1635 4184 1676 4247 ab
1699 4204 1736 4248 eo
1760 4186 1878 4249 afuisse

518 4284 657 4361 videtur,
693 4292 729 4349 ut
758 4287 839 4349 hanc
869 4286 1114 4370 appellationem
1143 4286 1317 4367 legitimam
1347 4288 1463 4349 faceret
1491 4293 1523 4349 et
1549 4286 1752 4365 sollemnem,
1783 4310 1878 4373 saepo

518 4388 665 4454 dictitans
695 4390 859 4454 dominum
889 4412 922 4454 se
953 4412 1022 4454 esse
1051 4410 1229 4466 servorum,
1266 4391 1485 4473 imperatorem
1514 4390 1669 4467 militum,
1699 4392 1877 4477 principem

518 4492 635 4559 civium
658 4494 732 4578 (Dio
758 4496 809 4571 57,
828 4494 872 4577 8).

627 4596 772 4660 Ceterum
797 4597 883 4679 quod
906 4596 1045 4660 diximus
1068 4603 1141 4679 post
1164 4596 1342 4680 depositum
1365 4595 1650 4661 extraordinarium
1668 4599 1877 4683 reipublicae

516 4697 752 4762 constituendae
776 4700 952 4775 arbitrium,
979 4700 1013 4762 id
1038 4707 1086 4763 est
1101 4707 1173 4784 post
1189 4700 1314 4764 linitum
1328 4700 1574 4777 triumuiratum,
1598 4710 1730 4786 excepta
1743 4704 1878 4769 fortasse

517 4801 556 4865 ad
571 4810 696 4886 tempus
713 4812 860 4888 suscepta
878 4824 953 4867 cura
968 4804 1073 4885 legum
1089 4824 1275 4887 morumque
1293 4805 1337 4888 (v.
1355 4826 1385 4888 p.
1398 4806 1462 4883 16),
1479 4804 1661 4885 Augustum
1677 4827 1749 4870 vere
1765 4808 1877 4871 testari

515 4912 695 4969 contentum
718 4928 752 4970 se
775 4908 963 4970 1919991999
987 4908 1154 4985 ordinario,
1183 4930 1224 4972 ne
1247 4908 1381 4972 nimium
1404 4907 1523 4971 dixisse
1546 4906 1721 4986 videamur,
1749 4930 1876 4973 accura-
1896 4982 1910 5005 θ

514 5008 578 5074 1199
607 5011 714 5093 999119
744 5010 957 5074 definiendum
987 5018 1018 5074 et
1045 5011 1258 5076 moderatione
1287 5011 1425 5095 quadam
1453 5010 1598 5077 adhibita
1622 5012 1873 5096 temperandum.

515 5113 595 5177 Nam
618 5114 668 5177 vel
690 5135 728 5177 ex
751 5114 818 5177 sola
839 5115 908 5196 lege
932 5115 970 5179 de
993 5112 1126 5198 imperio
1141 5116 1328 5199 Vespasiani
1352 5122 1476 5179 constat
1497 5136 1560 5181 non
1583 5117 1686 5181 solum
1708 5116 1871 5200 plerisque

2029 867 2031 962 1
