4400 6175
736 1701 781 1775 ΙΙ.
838 1699 1191 1774 MONVMENTVM
1241 1701 1619 1776 APOLLONIENSE.

611 2101 799 2184 Apolloniae
820 2101 854 2164 in
874 2099 1006 2177 Pisidia,
1030 2099 1124 2164 hodie
1141 2099 1307 2177 Oluburlu,
1332 2120 1394 2164 non
1417 2106 1558 2184 repertae
1582 2106 1656 2163 sunt
1677 2099 1742 2163 nisi
1763 2100 1858 2164 inter-

501 2203 688 2286 pretationis
704 2203 840 2267 Graecae
863 2203 1038 2287 particulae
1062 2209 1094 2268 et
1116 2203 1246 2286 quidem
1269 2204 1457 2288 paginarum
1479 2207 1627 2285 quattuor
1646 2209 1752 2286 partes
1774 2223 1858 2267 sum-

502 2327 583 2382 mae,
608 2327 687 2389 quas
709 2307 906 2372 monumenti
928 2308 1044 2391 integri
1067 2308 1240 2372 secundam
1262 2308 1389 2372 tertiam
1412 2313 1558 2390 quartam
1581 2306 1726 2388 quintam
1748 2307 1856 2384 luisse,

503 2414 586 2471 totas
621 2408 821 2473 intercidisse
856 2410 987 2495 paginas
1021 2412 1159 2495 primam
1189 2418 1311 2474 sextam
1345 2410 1513 2494 septimam
1542 2430 1615 2474 cum
1649 2408 1859 2474 intellexisset

502 2509 664 2587 Francius,
689 2511 752 2588 iam
776 2513 974 2579 confirmavit
990 2515 1108 2579 Graeca
1130 2535 1203 2599 pars
1219 2515 1416 2579 monumenti
1430 2513 1592 2596 Ancyrani
1607 2534 1707 2597 nuper
1724 2513 1857 2598 expleta.

502 2613 676 2678 Universas
699 2614 851 2699 reliquias
875 2615 1044 2702 descripsit
1066 2616 1222 2681 Arundell
1246 2617 1459 2700 (discoveries
1484 2620 1517 2680 iu
1538 2617 1621 2680 Asia
1643 2620 1754 2681 minor.
1778 2617 1859 2680 Lon·

503 2715 572 2780 dini
590 2718 674 2782 1834
698 2718 791 2783 vol.2
814 2719 921 2803 pers
945 2718 1016 2783 coll.
1041 2719 1134 2784 vell
1159 2741 1191 2804 p.
1205 2721 1307 2804 241);
1340 2719 1489 2806 paginam
1518 2719 1645 2784 tertiam
1674 2725 1706 2784 et
1728 2725 1858 2803 quartae

503 2827 627 2906 partem
655 2822 752 2887 habet
781 2823 877 2886 etiam
899 2823 1063 2888 Hamilton
1093 2826 1297 2908 (rasearctcs
1327 2829 1360 2887 ia
1382 2826 1465 2888 Asia
1493 2826 1595 2887 minor
1624 2823 1722 2887 voli
1749 2844 1781 2907 p.
1793 2825 1855 2887 491

502 2925 634 3009 nass).
658 2927 819 2992 Tractavit
832 2927 1011 3010 fragmenta
1022 2927 1174 2992 Franaius
1190 2934 1238 2992 ter
1254 2928 1537 3011 (Monutsbertcltte
1553 2929 1609 2990 der·
1620 2928 1858 2992 BerltnerAltc-

503 3032 600 3093 &mic
624 3051 651 3095 a.
670 3032 753 3097 1839
777 3033 882 3117 plor
895 3052 943 3117 sq.
969 3038 1001 3097 et
1023 3031 1056 3097 0.
1069 3032 1095 3099 Ι.
1109 3032 1161 3097 Gr.
1185 3031 1280 3097 vol.3
1305 3053 1336 3095 n.
1351 3032 1435 3096 3971
1462 3035 1493 3095 et
1515 3030 1549 3094 in
1569 3028 1706 3094 editione
1726 3030 1858 3096 huiusce

502 3134 717 3210 monumenti,
747 3155 844 3217 quam
875 3157 948 3199 cum
970 3135 1118 3219 Zumptio
1143 3135 1275 3209 curavit,
1305 3156 1336 3218 p.
1353 3136 1412 3199 101
1432 3133 1506 3216 sq.).
1554 3133 1703 3215 Singulae
1725 3135 1858 3218 paginae

504 3258 577 3302 cum
600 3236 740 3319 integrae
762 3238 900 3314 fuerunt,
925 3238 1092 3320 sexagenis
1116 3238 1240 3301 circiter
1254 3238 1401 3301 versibus
1417 3237 1556 3320 exempli
1572 3236 1682 3301 Graeci
1697 3238 1859 3322 Ancyrani

504 3339 739 3423 respondebant
760 3340 985 3424 habebantque
1008 3340 1097 3425 ipsae
1119 3361 1232 3404 versus
1255 3360 1351 3425 supra
1373 3340 1623 3424 quinquagenos.
1659 3340 1760 3405 Hodie
1774 3348 1859 3426 post-

504 3463 601 3525 quam
623 3442 683 3506 hoc
706 3441 846 3527 explevit
859 3443 1017 3520 Perrotus,
1041 3444 1289 3525 fragmentorum
1303 3442 1578 3529 Apolloniensium
1601 3444 1723 3509 utilitas
1747 3444 1860 3527 exigua

504 3552 562 3609 est.
600 3546 781 3631 Respondet
803 3552 908 3611 autem
930 3548 1060 3612 initium
1083 3548 1218 3633 paginae
1242 3547 1398 3611 secundae
1421 3547 1658 3631 Apolloniensis
1674 3551 1859 3633 Ancyranae

504 3650 610 3729 3,1a;
634 3650 746 3715 tertiae
768 3650 1005 3735 Apolloniensis
1028 3655 1216 3735 Ancyranae
1233 3653 1263 3729 6,
1281 3654 1317 3731 5;
1341 3661 1472 3734 quartae
1496 3652 1733 3737 Apolloniensis
1756 3655 1859 3737 Ancy-

503 3772 599 3818 ranae
622 3754 730 3832 s,1q;
753 3756 883 3840 quintae
906 3757 1143 3842 Apolloniensis
1167 3759 1354 3842 Ancyranae
1381 3760 1430 3833 11,
1451 3758 1501 3823 10.
