4400 6175
928 735 1096 800 um-e
1651 735 1692 800 m

330 911 375 974 M.
400 911 523 974 Crasso
552 919 587 974 et.
612 912 652 973 M.
677 912 815 977 Antonio
845 913 1028 975 ademerant
1062 915 1241 993 reposcenti
1271 915 1474 977 reddiderunt
1506 914 1694 993 obsidesque

329 1019 466 1096 insuper
490 1015 678 1078 obtulerunt.
726 1013 806 1078 Vell.
824 1015 853 1090 9,
868 1017 923 1078 91:
950 1017 991 1077 ab
1015 1037 1089 1095 reqe
1115 1017 1303 1080 Parthorum
1324 1019 1420 1098 siquo
1436 1018 1589 1091 Montana,
1613 1037 1693 1096 quoe

332 1121 458 1183 Crasso
475 1138 629 1199 oppresso
649 1118 782 1194 Orodes,
799 1137 879 1199 quae
896 1120 1034 1182 Aretouio
1049 1122 1144 1198 proteo
1158 1121 1243 1198 filius
1259 1123 1327 1183 eius
1339 1121 1515 1184 Phradates
1533 1129 1693 1200 ceperant,

329 1225 476 1303 Augusto
500 1225 636 1285 remissa
658 1230 741 1284 sunt.
783 1220 942 1303 Vergilius
959 1220 996 1304 (†
1009 1221 1088 1304 735)
1105 1221 1137 1284 16
1154 1221 1306 1286 Aeneidis
1323 1225 1352 1298 7,
1367 1225 1447 1286 605;
1472 1245 1527 1287 seu
1549 1224 1693 1307 (param)

329 1328 459 1390 tendere
490 1327 533 1388 ad
563 1325 660 1388 ludos
693 1327 910 1406 Auroramque
940 1329 1029 1408 sequi
1064 1329 1261 1408 Parthosque
1293 1349 1460 1408 reposcere
1490 1331 1603 1408 siquo,
1636 1327 1705 1402 ubi,

327 1429 435 1511 tangit
457 1435 550 1513 poeta
574 1447 669 1510 quam
695 1428 829 1512 parabat
853 1432 1016 1511 Augustus
1044 1428 1075 1492 in
1101 1429 1226 1513 Syriam
1249 1435 1280 1494 et
1303 1430 1456 1494 adversus
1479 1431 1611 1494 Parthos
1639 1452 1693 1494 ex·

326 1533 534 1617 peditionem.
580 1530 629 1596 Ad
657 1535 752 1612 siqua
779 1531 876 1597 schol.
905 1533 1016 1598 Veron.
1048 1532 1215 1598 adnotant:
1246 1554 1325 1615 quoe
1345 1536 1470 1598 Licinio
1497 1536 1618 1599 Crasso
1646 1537 1693 1598 in·

328 1639 466 1718 terfecto
487 1641 721 1716 interceperant
737 1638 871 1711 Portam
895 1639 972 1700 haec
994 1637 1138 1722 [recepit]
1160 1640 1333 1718 Augustus.
1373 1640 1473 1701 Huius
1495 1641 1578 1719 facti
1594 1640 1693 1702 Nicoe

328 1742 395 1824 (sic
418 1740 510 1816 liber,
534 1761 564 1804 v.
587 1761 670 1804 mus.
694 1740 794 1804 Rhen.
820 1759 890 1806 nov.
917 1743 968 1818 19,
986 1743 1065 1824 639)
1089 1753 1371 1824 repraesentantur
1394 1747 1427 1807 in
1450 1764 1543 1820 arcu,
1568 1747 1622 1824 qui
1643 1753 1693 1807 est

326 1851 423 1908 irrata
452 1848 559 1910 aedem
586 1847 652 1908 dici
681 1845 765 1908 Iulii.
820 1844 985 1910 Praeterea
1014 1847 1052 1909 cf.
1078 1846 1214 1922 111653,
1238 1847 1290 1911 33.
1315 1849 1416 1926 54,8;
1450 1846 1626 1911 Cassiodor.
1650 1848 1690 1910 ad

327 1950 451 2028 etz-343
477 1947 564 2012 Oros.
589 1949 618 2023 6,
631 1948 686 2024 213
714 1947 948 2028 1’166669,34;
983 1949 1153 2034 Eutropius
1178 1952 1255 2026 t,9,
1286 1949 1341 2033 qui
1365 1971 1473 2014 omues
1496 1970 1558 2014 non
1581 1951 1690 2015 memi-

328 2063 447 2118 nerunt
469 2051 533 2116 nisi
556 2052 792 2116 Crassiauorum
819 2051 990 2133 signorum.
1044 2054 1151 2119 Crassi
1174 2054 1281 2118 clades
1305 2076 1331 2120 a.
1350 2076 1381 2120 6.
1398 2076 1424 2118 6.
1438 2058 1498 2118 701
1524 2054 1691 2119 notissima

324 2164 377 2221 est
399 2163 566 2238 egeratque
590 2153 628 2218 de
644 2153 743 2236 signis
760 2154 946 2238 civibusque
961 2165 1030 2220 turn
1046 2158 1148 2242 captis
1163 2158 1369 2250 restituendis
1386 2158 1450 2223 iam
1466 2181 1539 2222 cum
1554 2159 1689 2222 Phraate

324 2261 487 2326 Antonius
515 2259 658 2342 (111649,
676 2259 743 2342 24).
789 2259 921 2324 Antonii
946 2269 1065 2338 autem,
1096 2284 1169 2326 cum
1197 2263 1294 2326 trium
1317 2263 1512 2328 exercituum
1536 2264 1689 2328 Romano·

324 2387 397 2430 rum
421 2365 511 2447 signa
525 2342 688 2445 Augustus
711 2370 816 2448 ponat,
842 2363 920 2430 duos
944 2367 1100 2432 exereitus
1125 2367 1284 2431 aParthis
1308 2368 1407 2433 rietes
1431 2387 1500 2430 esse
1522 2367 1687 2449 signifieat.

325 2469 481 2532 Similiter
503 2466 653 2532 Horatius
677 2466 722 2530 sio
745 2467 791 2531 ait
813 2468 846 2530 in
870 2469 1007 2534 carmine
1030 2471 1075 2554 (3,
1094 2470 1129 2553 6)
1153 2469 1270 2554 scripto
1293 2491 1321 2534 a.
1335 2472 1399 2534 tte
1423 2471 1511 2554 (ride
1532 2492 1628 2555 supra
1648 2472 1688 2534 ad

326 2574 449 2656 4‚1t):
479 2576 543 2635 iarn
567 2573 616 2635 bis
641 2571 806 2635 Monaeses
830 2582 860 2634 et
883 2575 1001 2637 Pacori
1029 2595 1139 2638 munus
1167 2597 1231 2638 nort
1259 2579 1446 2656 auspicatos
1469 2579 1611 2638 contudit
1633 2579 1686 2638 im-

230 2663 232 2668 ’
322 2686 416 2758 petus
438 2685 569 2740 nostros
598 2685 628 2740 et
657 2677 815 2740 adiecisse
840 2679 995 2757 praedam
1019 2681 1185 2760 torquibus
1215 2682 1342 2759 eaiqtrt's
1365 2682 1499 2754 renidet,
1529 2678 1568 2742 ad
1593 2699 1686 2761 quem

326 2782 430 2846 locum
459 2780 537 2844 haec
560 2778 749 2864 Porphyris:
780 2783 829 2844 his
854 2782 993 2845 Parthos
1022 2786 1185 2846 rettulisse
1208 2785 1246 2845 de
1268 2784 1362 2846 nohis
1390 2786 1560 2847 victoriam
1589 2786 1685 2860 dicit,

325 2889 401 2968 quio
430 2894 461 2948 et
485 2885 637 2948 Crassum
666 2893 762 2948 anteo
789 2893 819 2948 et
848 2894 910 2948 tom
933 2887 1096 2950 Decidium
1121 2887 1240 2949 Sauum
1268 2890 1302 2948 in
1326 2887 1422 2967 Syria
1452 2888 1540 2970 (cum
1567 2890 1686 2950 decirrm

323 3011 438 3054 sacam
453 2993 485 3052 in
507 2991 580 3050 oria
600 2986 667 3050 eod.
685 2987 821 3070 Monac.)
847 2991 1039 3052 occiderant.
1079 2989 1205 3053 Erravit
1226 2988 1382 3071 interpres
1406 2988 1444 3052 de
1467 2996 1571 3070 strage
1594 2991 1683 3053 Cras·

323 3098 415 3161 siena
436 3094 576 3177 cogitans
600 3094 640 3157 ab
669 3093 764 3156 huius
788 3094 937 3159 carminis
961 3102 1145 3176 argumento
1175 3094 1279 3158 aliena
1308 3114 1412 3176 neque
1440 3093 1479 3155 ad
1504 3094 1684 3159 Monaeeem

322 3201 514 3264 Pacorumve
534 3194 712 3275 referenda3
736 3203 820 3259 recte
837 3204 944 3263 autem
959 3198 1060 3261 Saxae
1084 3198 1277 3262 mentionem
1300 3197 1400 3261 inicit.
1440 3196 1569 3261 Scilicet
1582 3199 1684 3281 tangit

321 3314 416 3391 poete
436 3302 541 3367 clades
565 3301 644 3365 duas
659 3300 857 3365 Antonianas
881 3302 1012 3367 alteram
1036 3324 1064 3366 a.
1077 3305 1152 3379 714,
1177 3323 1239 3385 quo
1255 3302 1289 3366 L.
1303 3300 1455 3367 Decidius
1472 3300 1556 3365 Saxa
1571 3301 1683 3385 Syriae

319 3410 444 3491 legatus
468 3404 612 3470 aPacori
635 3404 769 3469 ducibus
793 3405 895 3470 victus
919 3415 951 3471 et
973 3407 1157 3471 interiectus
1181 3414 1230 3471 est
1251 3408 1583 3491 (1116616661436),
1607 3408 1681 3471 6116-

317 3536 390 3579 ram
413 3534 440 3577 a.
455 3514 535 3587 718,
566 3530 628 3593 quo
657 3511 691 3573 in
715 3511 914 3595 expeditione
936 3512 1039 3596 ipsius
1065 3512 1195 3577 Antonii
1219 3512 1300 3575 duae
1322 3512 1461 3594 legiones
1483 3533 1555 3575 eum
1579 3511 1681 3593 legato

317 3619 421 3703 Oppio
445 3616 587 3681 Statiano
618 3636 639 3679 a
659 3614 784 3679 Parthis
808 3616 972 3698 Medisque
1003 3617 1042 3681 ad
1073 3617 1320 3682 internecionem
1349 3605 1459 3679 caesae
1481 3623 1557 3679 suut
1579 3616 1679 3699 (Dru-

315 3744 417 3789 mann
436 3725 463 3799 1,
480 3721 573 3806 454).
619 3720 761 3796 Quarum*
781 3719 872 3801 signa
900 3727 970 3784 tum
993 3732 1085 3803 capta
1114 3720 1259 3802 quamvis
1283 3718 1368 3782 Medi
1396 3720 1498 3781 6721
1528 3718 1593 3802 ipsi
1615 3720 1680 3782 An·

313 3827 405 3893 tenio
427 3824 641 3890 reddidissent
663 3823 739 3906 (Dio
755 3825 807 3901 49,
824 3825 892 3907 44),
915 3830 1022 3889 tamen
1046 3844 1127 3906 quae
1151 3823 1259 3886 Parthi
1282 3827 1429 3906 ceperant
1450 3841 1512 3884 non
1532 3822 1680 3885 rest'tuta

314 3937 395 3997 sunt
416 3928 480 3995 nisi
495 3949 566 3993 oum
582 3927 681 4010 siguis
700 3927 886 3991 Crassiaois.
928 3928 1095 3992 Monaesen
1112 3926 1291 4010 accepimus
1307 3932 1433 4010 propter
1448 3924 1678 3989 dissensionem

314 4056 391 4099 cum
406 4053 478 4115 rege
495 4032 628 4096 Phraate
644 4052 671 4095 a.
685 4033 747 4094 717
773 4031 931 4095 aParthis
955 4031 1073 4113 fugisse
1098 4031 1139 4095 ad
1155 4030 1329 4095 Antonium
1351 4030 1444 4112 cique
1466 4050 1500 4091 se
1522 4028 1676 4093 obtulisse

313 4139 432 4202 ducem
450 4135 525 4199 belli
540 4136 637 4198 161661
662 4136 907 4218 effecturumque
931 4156 965 4199 se
988 4135 1206 4219 spopondisse,
1231 4141 1267 4197 ut
1282 4134 1424 4218 plerique
1440 4132 1549 4196 Parthi
1564 4141 1675 4217 sponte

313 4262 377 4305 sua
386 4239 536 4305 Romanis
551 4258 585 4301 se
601 4236 774 4317 traderent3
791 4244 956 4322 exceptum
972 4238 1017 4303 ita
1032 4259 1087 4323 pro
1104 4259 1228 4302 summa
1243 4259 1298 4321 spe
1313 4238 1346 4300 in
1362 4256 1398 4300 eo
1414 4237 1517 4321 posita
1528 4237 1674 4302 maximis

311 4342 489 4409 honoribus
505 4341 761 4424 destinatumque
782 4342 822 4405 ab
840 4342 985 4418 Antonio,
1012 4364 1106 4425 quem
1121 4342 1308 4405 Parthorum
1331 4361 1436 4423 regem
1452 4342 1577 4416 iaceret,
1600 4361 1674 4405 mox

313 4472 337 4514 a
358 4449 493 4513 Phraate
516 4446 579 4510 sibi
606 4453 766 4509 metuente
789 4446 822 4509 in
846 4446 982 4529 patriam
1005 4454 1184 4511 revocatum
1209 4467 1277 4508 esse
1302 4452 1333 4510 et
1353 4444 1542 4509 incolumem
1565 4444 1673 4510 dimis-

313 4574 390 4617 sum
412 4552 452 4615 ab
477 4549 614 4615 Antonio
638 4548 851 4630 (11164993.
870 4550 940 4627 244
971 4549 1130 4613 Plutarch.
1155 4551 1228 4612 Ant.
1246 4549 1315 4632 37).
1361 4548 1453 4611 Η666
1475 4548 1565 4611 6116
1589 4549 1672 4613 bello

313 4679 345 4720 a.
360 4656 423 4720 718
447 4653 571 4717 Parthis
594 4652 769 4737 praefuisse
793 4659 969 4717 statuamus
994 4658 1025 4717 et
1047 4654 1252 4737 praecipuum
1276 4661 1433 4716 auctorem
1456 4652 1554 4716 fuisse
1571 4653 1672 4717 cladis

312 4759 494 4844 Oppianae‚
531 4756 666 4840 requirit
694 4778 766 4820 cum
801 4757 887 4821 locus
917 4757 1108 4821 Horatianus
1139 4767 1206 4821 tum
1237 4756 1318 4840 quod
1349 4763 1456 4819 narrat
1482 4756 1671 4822 Plutarchus

314 4864 412 4947 (Ant.
429 4864 494 4947 46)
524 4862 558 4925 16
587 4859 690 4925 reditu
715 4860 887 4925 Antonium
911 4868 1070 4925 servatum
1093 4883 1163 4924 esse
1185 4861 1342 4924 Manassis
1366 4860 1516 4924 beneficio
1537 4861 1671 4943 gretiam

313 4968 380 5033 sibi
402 4966 574 5031 referentis.
599 5002 639 5011 —
663 4964 795 5028 Diverso
818 4964 1002 5029 Chishullus
1026 4964 1204 5048 reliquique
1225 4964 1413 5048 interpretes
1434 4964 1611 5046 cogitarunt
1630 4966 1670 5029 de

314 5073 441 5139 duobus
470 5068 661 5134 exercitibus
690 5068 821 5133 Antonii
850 5070 942 5135 vietis
974 5091 1001 5133 a.
1019 5071 1082 5133 718
1113 5070 1192 5132 duee
1215 5068 1316 5153 Oppio
1340 5068 1482 5132 Statiano
1510 5068 1611 5151 legato
1639 5076 1670 5131 et

313 5179 386 5262 ipso
409 5175 545 5241 Antonio
569 5174 648 5238 duce
672 5174 726 5258 (ei.
750 5173 914 5239 Drumenn
940 5174 968 5251 1,
985 5175 1076 5257 454).
1124 5174 1167 5237 At
1189 5172 1313 5257 proprie
1336 5172 1443 5256 copiae
1467 5172 1583 5255 quibus
1605 5174 1669 5235 An-
