4400 6175
944 719 1079 784 rna-e
1650 720 1690 784 23

364 959 432 1006 err.
450 943 482 1022 2,
497 959 540 1006 te
573 939 711 1026 [lteralm
734 939 897 1006 consulari
921 961 995 1006 cum
1020 939 1157 1024 imperio
1178 941 1318 1006 lustrum
1342 947 1348 1012 Ι
1371 941 1460 1006 solus
1476 940 1538 1006 feei
1554 937 1592 1006 C.
1605 937 1691 1008 Cen-

524 1071 537 1115 τ
571 1051 689 1136 sorin[o
712 1062 742 1116 et
769 1052 813 1137 0.]
830 1051 940 1118 Asinio
964 1069 1059 1118 coss
1094 1049 1170 1132 Quo
1193 1051 1299 1118 lustro
1322 1075 1420 1118 censa
1443 1062 1518 1117 sunt
1542 1058 1548 1124 Ι
1572 1049 1691 1116 civium

523 1184 538 1228 s
572 1161 798 1250 Romarrorn[m
823 1164 940 1249 cupito]
963 1163 1179 1250 quadragiens
1210 1173 1342 1230 centum
1365 1163 1465 1230 millia
1487 1173 1520 1228 et
1543 1162 1693 1232 ducenlta

573 1274 706 1362 triginta
728 1275 790 1342 tria
813 1275 945 1360 m[s'llio].

326 1387 544 1466 cs.4‚16171s
577 1385 730 1472 [Δεύτερον
757 1386 900 1471 ὑπατιΙκ]ῇ
924 1385 1053 1472 ἐί[ουσίᾳ
1080 1385 1170 1471 μόνος
1192 1385 1272 1472 Γαΐῳ
1296 1383 1480 1472 Κηνσωρίνῳ
1500 1387 1560 1472 καὶ]
1581 1392 1587 1457 Ι
1610 1386 1690 1472 Γαίῳ

511 1516 539 1562 19
573 1495 704 1583 [Ἀσινίῳ
722 1499 842 1568 ὑπάτοις
857 1499 909 1582 τὴν
926 1498 1118 1582 ἀποττίμηστν
1134 1495 1282 1585 ἔλαβον]Ι·
1299 1497 1338 1582 ὶ[ν
1354 1495 1385 1583 ᾗ]
1399 1497 1602 1582 indecerptus
1618 1499 1690 1562 trer-

465 1625 496 1670 νο
509 1627 538 1672 el
573 1609 705 1692 μήοαντο
719 1605 898 1694 Ῥω]μαί1ννν
915 1607 1114 1695 respondetur
1129 1607 1223 1674 ebreos
1237 1613 1315 1694 τρεῖς
1330 1611 1473 1694 μυριάδες
1488 1608 1670 1695 τ]ρισ1χιλνον.

325 1719 414 1794 Quae
439 1725 512 1782 ante
535 1723 625 1784 rotae
654 1719 849 1806 interposuit
873 1719 1052 1786 Huschlrius
1081 1721 1180 1784 verba
1205 1723 1399 1803 priorarat,
1428 1720 1462 1786 in
1485 1740 1621 1786 errorem
1644 1720 1690 1784 in·

325 1821 442 1886 ductus
463 1821 676 1888 Ohishulliani
699 1823 837 1907 exempli
862 1823 974 1888 lacuna
997 1822 1094 1899 falsa,
1126 1821 1192 1887 iam
1214 1823 1380 1907 expellunt
1403 1831 1436 1889 et
1458 1823 1604 1909 exempla
1625 1843 1690 1886 me-

327 1924 409 1988 liora
433 1931 464 1988 et
488 1924 590 1990 versio
614 1927 742 1992 Graeca.
774 1969 814 1978 »-
848 1927 984 1992 Oeneum
1007 1927 1091 1992 hunc
1114 1925 1252 1992 alterum
1280 1948 1309 1992 a.
1327 1929 1390 1992 746
1414 1949 1506 1994 nemo
1529 1933 1691 2013 praeterea

323 2035 549 2094 commemorat
574 2051 632 2094 nec
657 2031 750 2096 facile
778 2031 839 2096 huc
862 2031 998 2096 traxeris
1026 2050 1108 2113 quae
1123 2030 1265 2114 Diome,
1283 2032 1340 2116 26)
1362 2032 1474 2098 scribit
1497 2032 1535 2096 de
1561 2038 1690 2098 senatus

322 2132 458 2198 lectione
475 2153 502 2196 a
521 2135 582 2198 741
608 2140 770 2218 praeterea
791 2135 887 2219 plane
904 2135 1011 2218 ignota
1034 2135 1080 2219 (v.
1097 2155 1129 2218 p.
1145 2134 1212 2219 16).
1254 2133 1412 2200 Numerus
1427 2135 1544 2201 civium
1560 2156 1597 2200 eo
1610 2142 1690 2200 tem·

321 2257 399 2322 pore
420 2257 589 2302 censorum
605 2237 665 2302 luit
680 2240 868 2316 4‚233,000,
894 2259 1029 2323 quocum
1048 2238 1241 2304 conveniunt
1256 2239 1352 2304 etiam
1367 2238 1522 2322 reliquiae
1538 2240 1690 2307 versionis

321 2340 474 2416 Graecae,
502 2348 705 2426 creveratque
735 2342 830 2426 igitur
854 2342 903 2406 his
933 2342 1046 2426 viginti
1070 2341 1163 2406 annis
1187 2341 1325 2426 populus
1350 2350 1477 2408 centum
1510 2351 1542 2408 et
1565 2350 1689 2428 septua-

321 2445 412 2530 ginta
433 2444 567 2510 milibus
591 2445 741 2530 capitum.
768 2480 808 2492 υ*
833 2445 999 2510 Consulari
1023 2466 1095 2511 cum
1118 2444 1251 2528 imperio
1275 2465 1347 2510 cum
1363 2446 1527 2528 Augustus
1551 2447 1689 2512 etimne

319 2556 352 2614 et
373 2548 503 2614 tertium
527 2569 658 2614 censum
680 2549 805 2626 lecerit,
829 2550 967 2634 primum
991 2557 1096 2614 autem
1121 2569 1194 2612 vere
1217 2549 1348 2626 consul,
1379 2551 1536 2615 refutatur
1558 2550 1618 2616 Dio
1642 2550 1689 2614 sic

322 2651 463 2718 scribens
488 2651 527 2716 ad
550 2653 851 2736 a.757(os,13):
881 2653 962 2722 ὅπως
990 2677 1024 2736 γε
1057 2654 1097 2737 μὴ
1122 2650 1235 2722 δόξειεν
1259 2655 1301 2722 ὡς
1323 2655 1448 2738 τιμητὴς
1478 2654 1551 2718 αὐτὸ
1583 2659 1687 2732 ποιεῖν,

321 2757 490 2820 ἀνθύπατον
515 2755 650 2825 ἐξουσίαν
673 2755 747 2841 πρός
769 2780 802 2820 re
825 2757 858 2820 τὸ
883 2754 969 2826 τέλος
992 2761 1053 2820 τῶν
1078 2757 1260 2842 ἀπογραφῶν
1284 2757 1335 2820 καὶ
1350 2758 1423 2842 πρὸς
1438 2759 1491 2842 τὴν
1507 2763 1560 2822 τοῦ
1575 2758 1686 2844 καθορ-

322 2860 388 2924 σίοο
411 2861 529 2944 ποίησιν
553 2858 730 2944 προσέθετο,
760 2859 983 2944 proconsulare
1006 2859 1176 2944 imperium
1199 2879 1277 2924 suae
1299 2860 1413 2923 aetatis
1443 2861 1527 2926 male
1558 2863 1632 2926 conl
1675 2900 1687 2910 -

320 2963 400 3029 dens
435 2983 507 3028 cum
537 2962 696 3028 consulari
723 2963 950 3028 commentarii.
997 2963 1097 3028 Immo
1127 2961 1223 3026 rediit
1252 2962 1415 3044 Augustus
1444 2983 1530 3029 more
1560 2985 1617 3028 suo
1646 2965 1687 3028 ad

320 3065 579 3151 antiquissimam
602 3088 708 3133 rerum
737 3065 983 3144 ordinationem,
1013 3064 1139 3151 quando
1163 3065 1223 3131 sub
1253 3065 1383 3151 regibus
1409 3066 1585 3153 primisque
1615 3088 1685 3131 con-

319 3172 447 3239 sulibus
470 3192 521 3235 res
544 3170 674 3257 publica
697 3179 764 3237 erat
786 3193 844 3237 nec
864 3192 1009 3237 censores
1024 3170 1084 3235 ulli
1100 3170 1297 3249 creabantur,
1322 3172 1379 3237 sed
1394 3191 1483 3255 reges
1500 3172 1686 3239 consulesne

317 3297 390 3341 eam
416 3296 484 3341 rem
510 3276 722 3360 procurabant
751 3276 915 3359 lustraque
946 3275 1140 3353 condebant3
1179 3274 1317 3339 censoris
1351 3296 1467 3341 nomen
1496 3284 1684 3361 aspernatus

316 3388 368 3445 est
391 3386 498 3467 utpote
521 3378 694 3446 factionum
718 3379 944 3445 certationibus
968 3379 1064 3445 nimis
1092 3379 1245 3445 iactatum
1275 3386 1307 3444 et
1329 3380 1454 3444 senatui
1476 3381 1614 3445 maxime
1637 3380 1683 3445 in-

316 3484 434 3560 visum,
464 3503 560 3566 quam
583 3483 622 3547 ob
646 3504 710 3546 rem
736 3483 832 3549 etiam
855 3483 993 3547 censoris
1016 3482 1162 3567 perpetui
1185 3504 1302 3546 munus
1329 3484 1471 3547 oblatum
1488 3484 1550 3548 sibi
1575 3505 1601 3547 a.
1620 3486 1683 3549 732

315 3608 380 3651 non
404 3587 526 3671 accepit
549 3586 623 3669 (Dio
640 3587 691 3663 54,
709 3587 755 3669 2).
794 3586 959 3650 Consulari
983 3593 1090 3650 autem
1112 3586 1246 3670 imperio
1272 3586 1358 3669 quod
1382 3608 1513 3651 censum
1538 3587 1586 3651 bis
1609 3588 1684 3651 fecit

313 3694 491 3774 Augustus,
515 3689 589 3753 inde
613 3689 696 3772 quod
720 3689 832 3754 scribit
856 3689 982 3766 biota,
1003 3690 1043 3753 10
1066 3690 1247 3770 Augustum
1271 3689 1471 3753 consularem
1493 3696 1683 3773 potestatem

312 3793 473 3878 recepisse
496 3793 530 3856 in
552 3797 739 3877 perpetuum
766 3794 819 3877 (cl.
846 3814 875 3877 p.
895 3794 932 3856 13
957 3793 994 3855 ad
1023 3795 1050 3869 1,
1068 3792 1126 3874 35)
1149 3798 1275 3857 tantum
1298 3792 1389 3855 abest
1411 3798 1447 3856 nt
1470 3791 1679 3869 confirmetur,

313 3906 354 3962 ut
388 3898 580 3964 contrarium
617 3896 690 3960 inde
724 3904 890 3981 apparent,
928 3895 1049 3959 scilicet
1078 3897 1258 3978 Augustum
1290 3914 1404 3958 census
1440 3895 1615 3960 seeundum
1649 3902 1681 3960 et

310 4002 445 4067 tertium
479 4001 698 4065 instituturum
727 3998 766 4065 ob
796 4021 867 4065 eam
896 4020 963 4063 rem
992 3999 1157 4065 consulare
1190 3998 1361 4083 imperium
1392 3997 1608 4083 adsumpsisse
1639 4001 1680 4064 ad

312 4116 451 4191 tempus.
506 4104 596 4181 Quod
620 4104 652 4169 in
677 4104 778 4189 primo
810 4123 906 4167 censu
930 4110 965 4167 ut
989 4105 1106 4167 laceret
1128 4124 1207 4187 opus
1230 4121 1292 4167 non
1318 4109 1394 4179 erat,
1424 4122 1495 4165 eum
1522 4110 1588 4168 tam
1611 4104 1679 4190 ipse

313 4232 413 4294 quam
430 4210 572 4293 Agrippa
595 4208 688 4273 lustri
712 4228 793 4273 anno
817 4206 962 4273 consules
987 4214 1105 4271 essent.
1134 4206 1216 4271 Nam
1238 4206 1311 4289 quis
1334 4206 1449 4283 credet,
1474 4206 1502 4271 si
1516 4208 1679 4291 Augustus

314 4335 387 4378 vere
416 4312 600 4376 admisisset
629 4311 827 4375 consularem
856 4318 1044 4395 potestatem
1081 4311 1113 4375 in
1152 4316 1354 4394 perpetuum,
1393 4311 1426 4375 in
1456 4303 1678 4377 commentario

312 4438 385 4481 eam
407 4417 512 4501 ipsam
535 4414 709 4501 praeteriri,
734 4436 805 4479 cum
829 4414 930 4479 obiter
954 4415 1133 4479 nominetur
1156 4420 1283 4498 propter
1307 4435 1456 4479 censuras
1473 4435 1509 4479 eo
1525 4415 1593 4480 iure
1609 4436 1677 4499 per-

312 4519 434 4585 fectas?
473 4520 618 4603 lienique
642 4519 718 4603 quid
742 4519 894 4584 iaciemus
918 4519 956 4583 de
978 4518 1105 4583 'liberio
1129 4519 1240 4583 tertiae
1263 4540 1413 4582 censurae
1429 4518 1557 4601 collega,
1582 4540 1678 4603 quern

311 4628 459 4708 Augusto
490 4625 561 4689 rivo
591 4624 789 4689 consularem
815 4631 1004 4709 potestatem
1035 4631 1221 4708 perpetuam
1258 4622 1409 4687 habuisse
1437 4644 1495 4686 nec
1522 4623 1675 4690 rationem

312 4731 413 4795 habet
441 4748 542 4811 neque
573 4729 792 4793 auctoritatem
822 4728 940 4793 ullam?
987 4728 1048 4811 (ef.
1074 4732 1162 4791 Suet.
1188 4727 1258 4791 Tib.
1273 4729 1330 4791 21:
1361 4729 1429 4806 lepe
1448 4747 1509 4807 per
1531 4730 1674 4793 consules

313 4838 383 4899 lata
406 4844 441 4897 nt
465 4833 642 4917 (Tiberius)
663 4836 851 4915 provincias
882 4854 949 4897 eum
972 4836 1115 4915 Aupnsto
1145 4835 1345 4897 communiter
1367 4833 1674 4897 administraret'ri-

313 4944 435 5021 matqae
467 4960 589 5003 censam
619 4936 758 5020 operat).
810 4939 855 5001 At
883 4938 910 5001 si
937 4936 1078 5012 Tiberio,
1115 4945 1151 4999 ut
1179 4935 1318 4999 censoris
1352 4934 1453 4998 officio
1482 4935 1672 5017 fungeretur,

311 5044 478 5109 consulare
501 5041 671 5126 imperium
694 5059 878 5105 concessum
894 5048 942 5105 est
957 5040 1054 5105 donec
1071 5040 1207 5105 lustrum
1223 5037 1418 5114 conderetur,
1443 5038 1570 5103 omnino
1586 5038 1670 5104 idem

312 5145 484 5213 dicendum
508 5145 568 5212 erit
590 5144 629 5209 de
653 5144 806 5227 Auguste.
