4400 6175
800 2061 977 2150 GRAECI
1003 2073 1210 2148 HOMINIS
1236 2073 1645 2150 ADDITAMENTVM.

658 2676 808 2759 Sequitur
830 2675 973 2742 clausula
994 2696 1056 2741 non
1079 2675 1183 2760 ipsius
1198 2676 1345 2758 Augusti,
1370 2675 1424 2740 sed
1441 2674 1525 2740 alius
1540 2675 1646 2740 neseio
1662 2677 1752 2742 euius
1768 2678 1913 2743 hominis

547 2781 630 2844 male
654 2779 772 2865 scripta
795 2785 826 2844 et
847 2779 943 2844 rebus
966 2779 1069 2856 exilis,
1093 2800 1169 2844 nam
1192 2799 1274 2863 quae
1297 2778 1446 2856 continet,
1470 2779 1577 2844 omnia
1598 2780 1664 2844 fere
1685 2780 1719 2847 in
1739 2781 1809 2865 ipso
1826 2801 1913 2850 oom-

546 2884 701 2948 mentario
730 2884 908 2948 accuratius
937 2883 1126 2970 pleniusque
1157 2883 1333 2967 perscripta
1362 2890 1437 2946 sunt
1465 2889 1497 2947 et
1525 2904 1564 2947 ex
1586 2884 1682 2950 rebus
1706 2886 1803 2968 gestis
1827 2887 1915 2951 tanti

548 2989 608 3053 viri
630 3009 693 3053 nou
717 2989 954 3073 comprehendit
980 2987 1044 3052 nisi
1068 3009 1107 3052 ex
1130 3007 1187 3052 suo
1211 3008 1292 3070 quae
1315 2986 1451 3069 erogarit
1472 2988 1506 3050 in
1530 2987 1675 3054 aedificia
1695 2988 1788 3054 ludos
1812 2988 1913 3054 dona·
2029 3041 2031 3049 ,

546 3094 662 3171 tiones,
693 3100 846 3177 tanquam
870 3093 1018 3158 duumvir
1042 3091 1186 3177 oppiduli
1208 3091 1343 3156 alieuius
1367 3092 1531 3174 Augustus
1561 3092 1691 3171 fuisset,
1721 3114 1786 3159 non
1807 3094 1913 3179 impe·

547 3205 633 3263 rator
655 3198 765 3282 populi
782 3198 925 3263 Romani.
965 3197 1176 3274 Quamobrem
1199 3196 1255 3279 qui
1277 3195 1484 3281 appendicem
1506 3197 1589 3262 hane
1611 3196 1651 3262 ad
1674 3196 1840 3263 Tiberium
1863 3218 1913 3261 re

547 3304 670 3378 lerunt,
700 3301 822 3384 egregie
845 3301 1013 3381 falluntur3
1045 3300 1172 3368 videtur
1199 3300 1305 3385 potius
1329 3301 1466 3367 Graecus
1488 3302 1645 3387 interpres
1668 3302 1720 3369 vel
1750 3302 1779 3368 si
1805 3302 1913 3385 magis

547 3405 652 3489 placet
667 3404 802 3469 Graecus
825 3404 1029 3486 magistratus
1052 3404 1080 3469 is
1104 3404 1160 3487 qui
1181 3403 1348 3488 interpreti
1370 3404 1550 3489 exemplum
1573 3404 1760 3471 vertendum
1776 3405 1914 3471 tradidit

548 3509 625 3575 haec
649 3508 801 3573 adiecisse
823 3515 894 3575 tum
916 3530 989 3575 oum
1013 3530 1051 3576 ex
1066 3508 1190 3573 decreto
1211 3507 1392 3593 provinciae
1409 3508 1551 3574 Galatiae
1566 3509 1664 3575 index
1684 3531 1790 3575 rerum
1807 3516 1913 3592 gesta·
2028 3515 2029 3538 ¹

548 3634 618 3677 rum
634 3612 771 3694 Augusti
793 3617 927 3696 utraque
950 3612 1059 3695 lingua
1073 3612 1201 3697 publice
1217 3612 1396 3696 propositus
1412 3618 1470 3677 est.
1505 3613 1550 3677 Eo
1565 3613 1651 3679 enim
1665 3613 1755 3679 ducit
1769 3613 1913 3681 maxime

549 3716 727 3781 denariaria
748 3717 828 3781 ratio
852 3716 948 3781 etiam
969 3715 1003 3781 in
1026 3716 1149 3783 Latinis
1173 3715 1322 3792 admissa,
1347 3737 1421 3779 cnm
1443 3717 1670 3783 sestertiariam
1690 3717 1835 3800 requirat
1848 3718 1913 3781 aa
2027 3797 2028 3806 ἵ

548 3842 643 3885 mana
665 3820 857 3893 consuetudo
874 3822 914 3885 ab
929 3822 999 3906 ipso
1015 3824 1158 3904 Augusto
1182 3840 1307 3904 semper
1322 3820 1489 3885 observata
1505 3821 1583 3893 (nisi
1598 3820 1681 3904 qnod
1699 3820 1844 3885 denarios
1861 3821 1913 3884 in-

548 3925 674 3989 tardum
696 3926 785 4009 ponit
814 3926 848 3989 in
871 3926 1047 3991 minoribus
1071 3924 1215 4000 summis,
1245 3929 1282 3987 ut
1296 3923 1326 4000 3,
1347 3925 1396 3987 16.
1415 3924 1484 4008 20).
1529 3925 1696 3989 Praeterea
1719 3944 1822 3989 sermo
1844 3943 1913 3988 non
2027 3927 2028 4008 ]

551 4028 655 4093 solum
676 4029 777 4093 multo
801 4030 908 4093 minus
931 4028 1059 4111 elegans
1083 4033 1132 4095 est
1147 4034 1179 4092 et
1192 4026 1298 4091 minus
1314 4026 1446 4091 Latinus
1463 4047 1559 4110 quam
1573 4028 1675 4111 ipsius
1691 4027 1914 4098 commentarii
2027 4019 2028 4028 ’

550 4132 610 4211 (ita
632 4138 706 4195 nota
729 4135 913 4214 spectacula
937 4133 972 4209 6,
998 4134 1039 4196 39
1069 4150 1125 4216 pro
1147 4130 1233 4194 ludis
1257 4136 1289 4194 et
1309 4132 1530 4195 naumachium
1552 4134 1588 4209 6,
1612 4134 1656 4197 40
1684 4152 1740 4217 pro
1764 4152 1801 4195 eo
1825 4131 1913 4215 quod

551 4239 715 4318 Augustus
739 4236 821 4300 dixit
843 4240 874 4314 4,
891 4237 933 4301 43
958 4239 1084 4301 naualis
1105 4238 1212 4317 proeli
1234 4235 1483 4319 spectaculum),
1512 4235 1568 4299 sed
1597 4236 1694 4301 etiam
1716 4235 1914 4319 quibusdam

550 4340 628 4404 loeis
658 4340 726 4403 hiat
757 4347 789 4403 et
810 4340 864 4404 vix
893 4341 970 4405 satis
993 4338 1198 4421 intellegitur.
1251 4338 1395 4422 Denique
1418 4359 1516 4403 unam
1539 4340 1639 4403 solam
1661 4360 1728 4403 rem
1751 4338 1915 4425 appendix

550 4444 627 4507 haee
651 4443 689 4506 de
712 4464 792 4508 novo
816 4444 904 4507 addit
927 4444 967 4507 ab
991 4443 1059 4527 ipso
1083 4444 1227 4524 Augusto
1251 4442 1515 4527 praetermissam,
1539 4462 1653 4526 nempe
1676 4442 1760 4506 dona
1781 4443 1822 4506 ab
1846 4443 1914 4505 Au-

551 4532 738 4629 gustodata
760 4547 884 4632 oppidis
907 4547 940 4609 in
964 4545 1146 4630 provinciis.
1180 4543 1279 4609 Nobis
1303 4566 1341 4608 ea
1355 4546 1420 4607 lere
1436 4564 1472 4608 eo
1488 4551 1613 4620 tantum
1628 4546 1753 4610 nomine
1770 4545 1912 4630 prodest,

552 4652 634 4733 quod
658 4651 763 4717 hiatus
788 4651 910 4734 aliquot
933 4648 1152 4715 commentarii
1173 4648 1275 4733 ipsius
1298 4648 1372 4713 inde
1396 4648 1573 4732 explentur.
