4400 6175
544 709 586 772 m
1118 702 1334 769 nm—ms

542 882 723 964 Augustum
760 879 992 946 dedicationem
1027 875 1116 942 aedis
1144 874 1257 940 Martis
1284 873 1405 940 Ultoris
1433 873 1616 957 permisisse
1643 872 1721 938 Gaio
1750 877 1783 937 et
1810 869 1901 935 Lucio
2025 936 2026 949 ,

546 987 675 1068 ὑπατική
696 1007 749 1048 τινι
772 984 852 1069 ἀρχῇ
874 982 951 1048 κατὰ
973 983 1007 1046 τὸ
1029 983 1154 1046 παλαιὸν
1178 978 1356 1065 χρωμένοις,
1379 977 1530 1060 cogitavit
1552 976 1662 1061 opinor
1683 974 1733 1040 vel
1755 980 1839 1039 certe
1853 996 1899 1040 oo·
2025 1012 2026 1039 ι

545 1089 644 1172 gitare
668 1087 779 1152 debuit
793 1085 833 1152 de
849 1084 1014 1150 consulatu
1030 1085 1136 1150 tuturo
1152 1101 1235 1146 anno
1250 1080 1457 1167 praecedente
1473 1081 1546 1145 dato
1563 1081 1660 1146 etiam
1674 1078 1791 1144 iuniori
1805 1078 1901 1143 fratri.
2025 1090 2026 1121 ι

657 1190 806 1256 Consiliis
822 1189 960 1276 publicis
976 1194 1012 1252 ut
1026 1188 1180 1252 iuteresse
1196 1185 1237 1250 iis
1252 1185 1371 1262 liceret,
1389 1183 1486 1249 simul
1500 1184 1663 1250 decretum
1679 1189 1737 1248 est.
1772 1183 1833 1247 Dio
1848 1181 1902 1246 Le.
2025 1214 2026 1217 ¹

544 1295 586 1360 ad
602 1296 704 1361 anos
728 1294 774 1358 sio
796 1293 916 1377 pergit:
939 1294 991 1357 nul
1014 1291 1090 1376 μετὰ
1112 1288 1197 1354 τοῦθ’
1216 1289 1379 1374 ἱερωσύνην
1404 1289 1457 1373 μέν
1475 1312 1539 1352 τινα
1555 1287 1637 1374 αὐτῷ
1654 1286 1762 1371 (Gaio)
1777 1287 1829 1350 καὶ
1852 1287 1903 1369 τήν

548 1399 580 1470 ές
601 1400 636 1463 τὸ
659 1397 811 1482 συνέδριον
836 1396 1031 1482 συμφοίτησιν
1055 1393 1089 1457 τό
1113 1416 1146 1457 τε
1170 1392 1354 1456 contenditur
1382 1393 1434 1456 καὶ
1456 1393 1490 1454 τὸ
1514 1390 1724 1455 συνεστιᾶσθαι
1745 1397 1784 1473 τῇ
1808 1391 1905 1475 βουλή

545 1501 653 1581 ἔδωκε,
677 1501 762 1586 quod
785 1500 947 1565 continuat
970 1500 1110 1563 Zonaras
1128 1499 1179 1575 10,
1203 1498 1244 1561 35
1268 1497 1301 1561 in
1317 1496 1430 1560 Dionis
1453 1493 1610 1583 deperditi
1633 1493 1737 1558 locum
1759 1491 1904 1556 subiens:

546 1604 716 1670 δωδέκατον
741 1603 896 1668 ὑπατεύων
923 1603 938 1667 ὁ
962 1599 1137 1686 Αὔγουστος
1160 1600 1203 1670 εἰς
1224 1599 1294 1670 τοὺς
1318 1601 1455 1687 ἐφήβους
1477 1601 1526 1663 τὸν
1544 1598 1629 1664 Γαῖον
1653 1595 1739 1667 ἔταξε
1760 1597 1812 1660 καὶ
1828 1597 1860 1665 ές
1874 1595 1907 1657 τὸ

547 1708 757 1796 βουλευτήριον
781 1707 843 1793 ἅμα
866 1706 1020 1789 εἰσήγαγε.
1054 1703 1198 1786 Denique
1214 1701 1277 1766 huc
1291 1704 1449 1790 pertinere
1465 1701 1577 1768 titulus
1593 1701 1718 1767 videtur
1741 1700 1775 1765 C.
1793 1701 1819 1765 1.
1836 1699 1870 1761 L.
1892 1698 1906 1760 l

547 1833 579 1898 p.
593 1813 666 1890 286,
692 1832 787 1896 quem
802 1811 849 1876 ibi
863 1811 946 1874 iuter
962 1809 1063 1892 elogia
1085 1807 1195 1873 rettuli
1217 1807 1368 1892 deceptus
1391 1807 1482 1872 falsis
1504 1805 1734 1893 supplementis
1749 1803 1908 1869 damnatis

546 1917 609 1980 iam
632 1917 666 1980 in
689 1915 760 1980 add.
784 1935 815 2000 p.
830 1915 911 1978 565:

1229 2051 1336 2102 decreuit
1354 2061 1454 2101 sennam
1471 2061 1498 2100 nt
1516 2052 1640 2102 interesset

780 2133 956 2198 CONSILIIS
971 2166 979 2182 ·
993 2129 1158 2196 PVBLICIS
1173 2165 1181 2183 ·
1196 2129 1341 2208 COlrnque
1359 2145 1422 2195 t'nter
1438 2155 1570 2206 senatores,
1589 2162 1640 2194 cnm

778 2237 902 2290 uunvu
958 2260 966 2276 ·
999 2236 1258 2308 -nxrnnrvuvs
1313 2249 1367 2289 aa
1422 2252 1482 2286 :nn

682 2315 1641 2385 mmm·mmnmmm·msommnm„„

780 2423 923 2478 ouuss·
943 2423 1139 2477 uvxnuvnr
1170 2419 1180 2483 l
1211 2423 1325 2478 ouusv
1326 2445 1482 2476 ......
1483 2452 1486 2461 ,
1501 2461 1641 2476 ......

779 2516 1210 2572 rus1uurssvs·urconrra
1230 2517 1299 2570 -cv
1330 2557 1336 2569 .
1363 2557 1370 2569 .
1395 2556 1641 2570 ..........

549 2657 638 2736 Quod
662 2657 690 2720 si
712 2677 786 2740 pars
809 2657 887 2720 haec
911 2664 960 2721 est
989 2656 1083 2739 elogii
1112 2656 1299 2740 sepulcralis
1328 2657 1510 2722 alterutrius
1533 2658 1671 2722 filiorum
1693 2657 1845 2740 Augusti,
1874 2662 1911 2722 ut

548 2762 674 2827 videtur
697 2781 775 2838 esse,
801 2761 935 2826 efficitur
957 2760 1031 2824 inde
1053 2761 1113 2825 hoc
1136 2761 1204 2825 sive
1228 2761 1266 2824 de
1291 2761 1367 2827 Gaio
1391 2762 1458 2826 sive
1483 2762 1521 2825 de
1537 2761 1633 2827 Lucio
1656 2762 1818 2829 decretum
1841 2781 1911 2826 esse
1936 2822 1937 2825 ,

548 2865 656 2950 paullo
680 2870 752 2928 ante
777 2885 873 2947 quam
896 2885 1015 2929 annum
1029 2864 1192 2947 ingressus
1208 2864 1356 2948 quintum
1372 2864 1532 2929 decimum
1547 2864 1659 2930 consul
1675 2865 1909 2946 designaretur;

549 2968 672 3032 scilicet
695 2987 756 3050 quo
778 2973 920 3052 tempore
943 2973 1073 3032 senatus
1096 2967 1251 3045 decrevit,
1282 2974 1320 3032 ut
1347 2967 1418 3032 eius
1441 2967 1480 3032 de
1502 2988 1566 3051 quo
1590 2968 1693 3050 agitur
1715 2969 1750 3032 iu
1773 2967 1911 3032 comitiis

548 3071 768 3139 consularibus
797 3071 951 3156 proximis
982 3078 1071 3135 extra
1099 3069 1243 3135 ordinem
1271 3071 1351 3136 ratio
1378 3069 1564 3148 haberetur,
1597 3071 1694 3137 simul
1716 3069 1849 3149 adiecit,
1875 3077 1912 3135 ut

549 3176 690 3241 consiliis
719 3174 857 3259 publicis
884 3182 958 3260 post
979 3180 1086 3257 togam
1115 3174 1241 3239 virilem
1271 3180 1432 3259 sumptam
1455 3175 1636 3254 interesset,
1664 3197 1783 3241 anuum
1805 3182 1911 3241 autem

551 3278 709 3343 decimum
740 3283 888 3359 quartum
917 3277 945 3339 is
975 3276 1116 3361 explevit
1143 3276 1228 3341 inter
1257 3275 1419 3343 decretum
1444 3279 1565 3342 factum
1587 3287 1618 3345 et
1632 3280 1768 3346 comitia
1790 3279 1911 3346 habita

551 3379 600 3443 De
630 3377 771 3442 censorio
799 3379 909 3443 funere
938 3378 1011 3443 vide
1034 3378 1182 3443 Tacitum
1212 3398 1285 3443 ann.
1309 3382 1367 3458 11,
1392 3382 1411 3445 2
1442 3389 1474 3445 et
1501 3382 1910 3466 Marquardtium5,136.

548 3481 669 3546 lustitii
691 3488 818 3567 propter
840 3488 974 3547 mortem
996 3482 1030 3547 L.
1048 3482 1192 3549 Caesaris
1215 3483 1328 3549 indicti
1357 3479 1571 3567 meminerunt
1600 3487 1696 3551 etiam
1719 3488 1796 3553 fasti
1818 3488 1911 3573 Ripa-

548 3594 772 3653 trunsonenses
796 3587 841 3670 (v.
864 3587 948 3652 infra
971 3587 1011 3652 ad
1034 3589 1064 3666 5,
1082 3588 1140 3672 24)
1463 3593 1466 3598 '

660 3690 710 3756 Ad
726 3690 942 3776 principatum
956 3691 1132 3757 iuventutis
1148 3692 1232 3776 quod
1249 3686 1372 3770 attinet,
1397 3701 1521 3779 praeter
1536 3716 1705 3760 nummum
1720 3695 1912 3779 titulumque

550 3803 581 3861 et
596 3796 700 3861 Taciti
715 3796 819 3860 locum
835 3816 932 3881 supra
946 3796 1061 3863 relatos
1076 3798 1224 3863 meminit
1239 3797 1311 3863 eius
1331 3820 1371 3863 ex
1386 3800 1487 3865 Dione
1503 3800 1641 3879 Zonaras
1657 3801 1707 3876 10,
1720 3801 1761 3865 35
1778 3800 1818 3864 de
1834 3799 1911 3864 Gaio

553 3908 584 3965 et
598 3900 695 3965 Lucio
710 3921 858 3964 narrans:
882 3898 1036 3987 πρόκριτον
1060 3902 1196 3989 ἀπέφηνε
1219 3908 1272 3987 τῆς
1294 3903 1434 3990 νεότητος
1457 3903 1583 3990 ἴλαρχον
1607 3929 1640 3968 τε
1656 3908 1756 3990 φυλῆς
1770 3904 1912 3987 γενέσθαι

550 4000 712 4091 ἐπέτρεψε,
744 4024 937 4087 quamquam
966 4005 1000 4069 in
1029 4006 1120 4069 annis
1150 4027 1268 4070 errans.
1305 4007 1472 4072 Praeterea
1494 4008 1622 4085 uicos,
1643 4010 1681 4073 12
1711 4009 1744 4073 in
1768 4009 1913 4091 exequiis

551 4103 622 4169 Gaii
643 4114 675 4171 et
689 4107 779 4172 Lucii
802 4108 985 4172 enarrandis
1009 4108 1087 4173 haec
1110 4109 1194 4174 inter
1216 4110 1281 4174 alia
1303 4110 1416 4177 habet:
1440 4114 1473 4177 αἱ
1493 4112 1600 4177 πέλται
1623 4115 1660 4175 τά
1682 4137 1715 4176 τε
1739 4110 1864 4197 δόρατα,
1892 4112 1914 4176 ἃ

549 4209 629 4294 παρὰ
652 4213 709 4273 τῶν
735 4208 846 4273 ἱππέων
870 4211 902 4281 ἐς
924 4212 993 4281 τοὺς
1017 4212 1154 4299 ἐφήβους
1177 4211 1307 4284 ἐσιόντες
1330 4219 1431 4301 χρυσᾶ
1453 4216 1516 4298 (sic
1538 4215 1656 4298 errore)
1679 4216 1855 4301 εἰλήφεσαν,
1879 4216 1912 4285 ἐς

549 4310 583 4374 τὸ
607 4311 818 4398 βουλευτήριον
849 4312 988 4398 ἀνετέθη.
1032 4313 1167 4381 Restant
1197 4316 1354 4400 quaedum
1384 4318 1564 4384 adnotanda
1592 4319 1631 4383 de
1653 4320 1725 4403 ipsa
1747 4319 1912 4402 dignitate.

549 4412 590 4477 Et
619 4413 758 4499 opinatio
789 4416 918 4499 quidem
941 4438 1066 4497 eorum,
1097 4420 1153 4503 qui
1180 4421 1357 4506 principem
1384 4423 1559 4491 iuventutis
1589 4424 1715 4509 proprie
1745 4445 1818 4489 eum
1840 4444 1913 4489 esse

551 4516 614 4581 sibi
635 4525 877 4601 persuaserunt,
908 4542 1002 4604 quem
1033 4523 1067 4586 in
1098 4523 1260 4607 equitibus
1290 4527 1492 4594 recensendis
1523 4549 1669 4593 censores
1696 4528 1837 4613 primum
1858 4550 1911 4595 vo

554 4626 679 4685 cessent
703 4622 839 4707 (Becker
855 4627 920 4701 2‚1
945 4647 976 4710 ρ.
991 4626 1086 4711 288),
1118 4628 1239 4693 dudum
1262 4631 1392 4715 explosa
1421 4639 1470 4698 est
1492 4642 1525 4697 et
1546 4634 1683 4699 refutata
1705 4632 1912 4718 (Marquardt

549 4722 624 4789 hist.
650 4744 698 4807 eq.
724 4746 753 4810 p.
768 4728 841 4811 75);
867 4748 942 4793 uam
963 4730 1124 4815 principes
1148 4734 1304 4815 equestris
1327 4734 1447 4799 ordinis
1471 4737 1662 4821 similiaque,
1688 4757 1769 4819 quae
1789 4736 1911 4821 passim

551 4827 635 4911 apud
651 4828 834 4895 Ciceronem
856 4832 1064 4916 reperiuntur,
1089 4855 1129 4899 ne
1151 4855 1244 4920 posse
1268 4837 1397 4920 quidem
1421 4839 1466 4902 sio
1490 4841 1591 4925 accipi
1612 4840 1662 4904 vel
1679 4840 1754 4904 iude
1769 4848 1910 4925 apparet,

551 4930 636 5013 quod
659 4932 698 4995 ab
716 4952 742 4995 a.
762 4934 824 4997 685
842 4934 882 4997 ad
898 4955 925 4998 a.
941 4937 1004 5001 726
1028 4938 1164 5003 lustrum
1180 4941 1305 5006 nullum
1329 4942 1489 5008 conditum
1505 4951 1563 5023 est,
1586 4966 1689 5029 neque
1711 4965 1807 5028 quem
1827 4964 1911 5011 corn·

434 5120 436 5135 ¹
549 5041 662 5118 parant
684 5036 830 5123 princeps
854 5044 982 5105 senatus
1001 5040 1076 5106 ideo
1100 5042 1146 5107 sic
1170 5043 1294 5121 dicitur,
1319 5045 1404 5128 quod
1426 5048 1548 5132 primus
1572 5056 1621 5113 est
1643 5050 1675 5113 in
1697 5050 1817 5115 tabulis
1839 5070 1909 5115 cen-

551 5138 642 5205 soriis
665 5148 861 5222 senatorum,
891 5144 948 5209 sed
976 5146 1059 5228 quod
1088 5148 1210 5231 primus
1238 5148 1271 5213 in
1302 5156 1413 5215 senatu
1441 5153 1633 5218 sententium
1657 5159 1794 5235 rogatur.
1845 5153 1910 5218 Nec
