4400 6175
587 713 648 776 1111
1078 712 1107 762 a.
1128 680 1281 767 1111111
1300 711 1449 774 11111111

584 907 640 970 per
655 887 714 950 hoo
729 886 916 952 decennium
933 903 1005 950 cum
1021 884 1100 948 alias
1116 884 1294 967 provincias
1310 891 1380 948 tum
1391 882 1517 966 Syriam
1531 905 1565 946 re
1580 884 1652 966 ipsa
1666 882 1931 950 administrabant.

584 989 666 1054 Nam
688 990 846 1074 siquidem
869 989 1010 1072 Agrippa
1037 987 1160 1069 legatus
1190 987 1252 1050 fuit
1274 986 1426 1068 Augusti,
1457 987 1526 1070 ipse
1548 987 1669 1068 legatus
1697 987 1802 1052 nullos
1825 989 1933 1052 habere

584 1093 696 1176 potuit,
721 1094 777 1157 sed
800 1093 1031 1178 provinciarum
1055 1098 1190 1156 rectores
1207 1091 1340 1174 putandi
1356 1097 1432 1154 sunt
1454 1097 1486 1154 et
1500 1090 1563 1175 ipsi
1579 1090 1676 1172 legati
1690 1091 1790 1155 111111
1805 1094 1933 1174 Augusti

586 1197 730 1277 quamvis
752 1196 830 1258 iuris
852 1195 991 1259 minoris
1030 1193 1184 1257 Similiter
1206 1215 1267 1277 quo
1283 1200 1423 1277 tempore
1440 1193 1643 1256 Germanicus
1659 1193 1817 1258 universis
1834 1194 1933 1260 Orien-

586 1299 626 1361 tis
641 1299 812 1382 provinciis
832 1298 969 1383 praefuit
983 1317 1055 1360 cum
1070 1296 1203 1380 imperio
1218 1296 1347 1371 maiore,
1372 1296 1493 1378 legatus
1509 1295 1645 1378 Augusti
1662 1316 1733 1360 cnm
1748 1296 1869 1360 minore
1883 1295 1933 1381 Sy-

586 1401 665 1466 riam
682 1402 901 1467 administrare
917 1401 1067 1485 pergebat
1083 1400 1174 1483 (Tac.
1191 1419 1262 1464 ann.
1280 1400 1311 1476 3,
1328 1400 1401 1480 43);
1426 1419 1528 1481 neque
1544 1399 1635 1463 aliter
1649 1399 1684 1462 in
1699 1399 1771 1484 ipsa
1785 1400 1933 1465 ordinaria

586 1505 857 1570 administratione
880 1512 947 1571 tam
969 1504 1113 1586 singulae
1133 1504 1273 1586 legiones
1290 1503 1437 1586 Syriacae
1452 1503 1730 1568 committebantur
1751 1504 1863 1586 legatis
1879 1506 1933 1568 An·

586 1610 671 1692 gusti
686 1629 781 1693 qnam
798 1610 868 1693 ipsa
884 1608 985 1691 Syria,
1011 1607 1067 1674 sed
1083 1606 1139 1683 ita,
1162 1615 1199 1671 11
1213 1607 1307 1671 huius
1315 1607 1426 1681 ,maius
1442 1607 1612 1691 imperium
1627 1614 1721 1672 asset.
1757 1609 1872 1673 Contra
1885 1608 1933 1670 ubi

586 1713 759 1797 Agrippam
775 1713 884 1778 eodem
900 1713 968 1775 iure
984 1731 1078 1776 usum
1094 1711 1274 1786 statuimus,
1299 1731 1360 1792 quo
1380 1711 1529 1774 utebatur
1544 1711 1718 1792 Augustus,
1741 1717 1865 1796 poterat
1877 1719 1933 1776 tarn

586 1817 654 1902 ipse
670 1817 891 1882 administrare
914 1836 1008 1898 quam
1026 1814 1205 1898 provincias
1220 1813 1284 1877 sibi
1305 1813 1490 1879 commissas
1506 1833 1562 1897 per
1584 1813 1703 1896 legatos
1722 1814 1873 1891 obtinere,
1893 1814 1933 1877 id-

587 1941 648 2002 que
671 1942 743 1983 cum
759 1920 905 2003 Zumptio
923 1923 968 2002 (p.
980 1919 1039 2002 81)
1055 1939 1167 1982 verum
1182 1924 1267 2001 puto,
1292 1937 1357 1980 non
1379 1923 1545 2000 propterea
1568 1917 1652 1999 quod
1675 1918 1761 2002 apud
1775 1918 1933 2002 Iosephum

586 2025 727 2108 Agrippa
750 2024 873 2088 vicibus
892 2022 1028 2104 Augusti
1044 2021 1134 2103 fungi
1156 2020 1271 2086 dicitur
1296 2021 1371 2103 (hoo
1394 2020 1478 2083 cuim
1500 2028 1567 2084 tam
1590 2040 1663 2084 cum
1684 2019 1744 2084 hac
1761 2040 1934 2103 quamcum

586 2127 643 2191 illa
664 2127 859 2190 ordinatione
875 2124 1035 2189 conciliari
1052 2124 1180 2208 potest),
1205 2123 1261 2188 sad
1277 2132 1403 2206 propter
1418 2130 1604 2204 argumenta
1619 2122 1682 2185 alia
1696 2123 1767 2187 tria.
1805 2124 1933 2188 Primum

587 2229 646 2292 Dio
671 2231 750 2312 (53,
770 2229 833 2311 32)
858 2228 970 2293 scribit
991 2227 1166 2310 Agrippam
1195 2227 1228 2288 in
1253 2226 1378 2308 Syriam
1406 2245 1469 2288 non
1495 2226 1602 2309 ipsum
1625 2225 1715 2302 iisse,
1746 2226 1806 2289 sed
1826 2227 1932 2308 legatos

587 2332 859 2416 (ὑποστρατήγους)
884 2349 919 2394 11
943 2330 1079 2405 misisse,
1105 2328 1233 2411 quodsi
1248 2328 1373 2413 proprie
1389 2333 1421 2392 11
1436 2349 1508 2391 vere
1523 2328 1655 2404 rettulit,
1680 2329 1826 2410 quaestio
1841 2329 1933 2392 decisa

588 2443 645 2500 111.
684 2435 805 2500 Deinde
828 2434 920 2498 licuit
941 2434 1099 2517 Agrippae
1122 2433 1162 2496 de
1185 2433 1281 2496 rebus
1304 2453 1323 2496 a
1345 2454 1379 2495 se
1402 2432 1499 2514 gestis
1523 2432 1563 2495 ad
1585 2439 1732 2497 sanatum
1753 2434 1870 2498 referre
1890 2433 1933 2495 de

575 2539 748 2621 crevitque
776 2539 806 2602 ei
835 2543 963 2602 senatus
991 2539 1101 2600 1140
1129 2536 1327 2620 triumphum
1350 2535 1500 2618 (Dicae,
1519 2535 1598 2618 24);
1626 2536 1704 2600 item
1726 2536 1799 2601 eius
1820 2537 1932 2602 nomine

588 2643 801 2728 supplicatum
825 2651 882 2706 est.
917 2643 1002 2717 Quae
1026 2640 1133 2704 omnia
1155 2640 1216 2704 etsi
1240 2639 1279 2704 ab
1302 2640 1399 2722 legati
1422 2639 1614 2715 condicione,
1641 2640 1745 2722 qualis
1768 2642 1830 2707 hac
1846 2647 1931 2706 aetate

588 2748 657 2823 1111,
683 2767 745 2810 111
772 2746 866 2829 plane
896 2746 1065 2810 abhorrent
1088 2745 1134 2827 (v.
1158 2743 1198 2806 ad
1220 2745 1250 2820 b,
1271 2746 1344 2822 44),
1374 2749 1481 2808 tamen
1510 2743 1725 2827 probabiliora
1751 2751 1860 2822 erunt,
1887 2744 1932 2807 ubi

588 2871 749 2914 sumemus
765 2850 939 2933 Agrippam
961 2869 1027 2910 rem
1055 2847 1191 2929 gessisse
1214 2846 1365 2930 auspiciis
1389 2846 1534 2931 propriis.
1572 2846 1718 2929 Denique
1741 2869 1817 2912 cum
1837 2868 1931 2912 consu·

588 2954 702 3018 larium
726 2954 782 3035 qui
803 2952 912 3036 Syriae
935 2953 1111 3037 imperante
1134 2953 1277 3033 Augusto
1301 2952 1505 3035 praefuerunt
1527 2958 1681 3028 auctores,
1704 2953 1844 3018 maxime
1865 2955 1931 3017 lose

587 3059 679 3143 plius,
704 3079 766 3123 uon
789 3079 858 3122 raro
881 3057 1093 3134 meminerint,
1118 3056 1219 3121 altum
1242 3061 1291 3121 est
1314 3076 1369 3141 per
1392 3056 1451 3121 hoc
1474 3055 1663 3121 decennium
1676 3056 1838 3139 integrum
1853 3057 1888 3121 de
1901 3055 1931 3119 iis

588 3164 764 3237 silentium,
794 3163 887 3226 facile
910 3170 1016 3225 tamen
1040 3160 1281 3245 explicandum,
1305 3160 1362 3224 ubi
1385 3181 1483 3243 ponas
1506 3169 1561 3225 aut
1583 3162 1689 3245 ipsum
1711 3162 1886 3247 Agrippam
1904 3180 1931 3223 eo

587 3274 727 3349 tempore
750 3265 874 3347 Syriam
897 3265 1137 3329 administrasse
1160 3269 1215 3325 ant
1236 3263 1357 3343 legatos
1379 3263 1448 3326 eius
1471 3264 1625 3345 dignitate
1646 3264 1813 3329 inferiores
1835 3264 1931 3346 legatis

588 3369 733 3449 Augusti.
787 3368 907 3431 llorum
936 3388 1018 3430 unus
1042 3367 1103 3429 fuit
1126 3365 1237 3449 opinor
1260 3365 1316 3448 qui
1340 3365 1442 3429 adhuc
1465 3367 1550 3431 viros
1573 3366 1680 3431 doctos
1703 3368 1789 3433 male
1812 3369 1931 3441 vexarit,

590 3471 698 3553 Syriae
722 3471 843 3551 legatus
866 3470 900 3549 (ὁ
920 3468 988 3533 τότε
1011 3470 1219 3553 ἡγεμονεύων)
1237 3469 1335 3531 Varro
1359 3468 1451 3533 homo
1473 3490 1537 3532 non
1559 3470 1734 3537 consularis
1753 3479 1931 3539 memoratus

589 3574 673 3659 apud
700 3571 869 3657 losephum
893 3575 977 3657 (ant.
999 3574 1183 3651 15,1,10;
1207 3573 1284 3637 bell.
1299 3573 1369 3636 lud.
1390 3576 1421 3648 1,
1440 3575 1497 3649 20,
1514 3574 1565 3653 4).
1618 3573 1684 3639 Nec
1711 3576 1834 3654 obstat,
1863 3574 1931 3659 quod

590 3678 740 3763 Iosephus
763 3677 901 3761 primum
913 3677 1062 3741 Varronis
1085 3696 1200 3741 noman
1223 3677 1321 3760 ponit,
1346 3677 1460 3741 deinde
1475 3683 1584 3741 narrat
1598 3678 1773 3762 Agrippam
1788 3681 1824 3744 in
1838 3681 1932 3745 Asiam

589 3784 727 3859 venisse3
752 3802 826 3845 nam
850 3788 881 3845 11
902 3803 1008 3847 rerum
1024 3781 1167 3845 ordinem
1183 3801 1276 3864 saepe
1293 3780 1398 3843 minus
1416 3790 1559 3845 accurate
1576 3783 1777 3867 persequitur
1793 3792 1825 3849 et
1839 3791 1874 3848 ut
1886 3784 1931 3846 hoc

588 3888 654 3951 looo
679 3896 861 3971 persecutus
886 3886 928 3949 sit
951 3906 1047 3967 quam
1070 3884 1318 3964 accuratissime,
1342 3884 1424 3947 nihil
1447 3890 1534 3947 vetat
1555 3884 1694 3966 legatum
1711 3888 1869 3973 Agrippae
1887 3886 1931 3950 ali·

588 3998 706 4072 quanto
722 3997 795 4053 aute
811 3990 843 4053 in
861 3989 985 4071 Syriam
1009 3988 1135 4053 venisse
1158 4009 1255 4070 quam
1269 3988 1412 4073 Agrippa
1427 3987 1515 4052 venit
1531 3988 1709 4071 Mytilenas.
1745 3992 1861 4057 Contra
1874 4010 1932 4054 curn

589 4094 681 4176 Syria
704 4101 769 4157 tam
792 4100 932 4157 extrema
953 4093 1073 4157 liberae
1095 4092 1142 4155 rei
1165 4092 1312 4175 publicae
1337 4100 1437 4157 aetate
1458 4112 1555 4174 quam
1570 4092 1775 4177 imperatoria
1789 4116 1850 4161 non
1864 4115 1931 4158 con·

588 4197 687 4261 missa
702 4196 744 4259 sit
759 4196 823 4259 nisi
838 4196 959 4260 homini
981 4217 1044 4261 non
1067 4196 1170 4259 solum
1187 4195 1355 4271 consulari,
1380 4195 1436 4259 sed
1452 4196 1548 4261 etiam
1563 4197 1646 4260 inter
1661 4198 1748 4282 ipsos
1766 4200 1931 4264 consulares

589 4299 750 4375 eminenti,
774 4299 871 4363 Varro
886 4299 953 4373 ille,
977 4297 1033 4380 qui
1056 4297 1203 4380 quisquis
1225 4298 1286 4361 1111
1307 4316 1370 4363 non
1393 4299 1454 4363 1111
1476 4301 1661 4377 consularia,
1684 4302 1838 4369 ordinarii
1851 4299 1932 4383 legati

589 4403 726 4484 Augusti
747 4401 857 4485 Syriae
880 4402 1060 4485 provinciae
1087 4401 1192 4465 locum
1215 4407 1323 4465 tenere
1346 4422 1409 4466 non
1439 4403 1556 4487 potuit,
1587 4406 1691 4488 potuit
1718 4407 1823 4473 locum
1851 4403 1931 4488 legati

589 4507 761 4591 Agrippae3
786 4507 838 4569 hio
861 4506 945 4569 enim
970 4526 1162 4590 quamquam
1185 4527 1247 4571 uon
1270 4507 1418 4584 multum,
1442 4513 1548 4570 111111
1569 4508 1699 4574 interior
1718 4511 1779 4577 1111
1794 4510 1931 4593 dignitate

589 4610 775 4695 imperatore
798 4615 964 4693 potestque
986 4608 1137 4673 habuisse
1159 4609 1280 4691 legatos
1302 4610 1484 4693 praetorios.

655 4715 685 4777 2.
720 4714 761 4777 M.
779 4712 937 4777 Tullius
960 4712 1092 4777 Cicero
1117 4714 1248 4779 oratoris
1271 4714 1357 4778 filius
1379 4734 1441 4780 cos.
1464 4718 1663 4780 111724.
1698 4719 1851 4801 Legatum
1871 4734 1931 4780 eurn

588 4818 686 4881 fnisse
706 4816 842 4899 Augusti
865 4818 897 4879 in
914 4817 1007 4901 Syria
1029 4824 1126 4883 testes
1149 4817 1694 4885 1111111111111111101111.1512
1717 4829 1750 4886 et
1763 4822 1930 4905 Appianum

588 4921 618 4984 b.
637 4942 664 4983 o.
680 4923 710 4995 4,
727 4922 779 4983 51.
815 4920 954 5004 Tempus
977 4921 1051 4985 inde
1074 4941 1137 4984 non
1162 4927 1306 5004 apparet3
1333 4942 1404 4987 cum
1428 4928 1534 4985 antam
1557 4922 1670 5004 legatio
1687 4924 1807 5007 Syrlae,
1830 4918 1930 4987 nisisi

589 5024 644 5106 qui
666 5024 884 5087 coniunctione
908 5046 979 5087 oum
1003 5024 1094 5087 domo
1118 5024 1322 5108 imperatoria
1345 5024 1928 5111 1131111111111111111111111111

587 5126 740 5191 decennio
770 5126 818 5191 vel
848 5127 943 5189 etiam
972 5127 1111 5210 amplius
1140 5134 1211 5211 post
1237 5127 1438 5193 consulatum
1460 5128 1530 5192 dari
1553 5130 1649 5197 solita
1677 5134 1734 5209 sit,
1763 5132 1929 5215 (1111111111
1993 5111 1994 5116 ¹
