4400 6175
506 722 543 775 Vl

507 896 669 961 Caesareis
695 899 730 963 in
754 899 941 963 universum
968 897 1125 964 videndus
1154 902 1204 960 est
1231 895 1384 961 Marinius
1415 897 1513 980 (Arv.
1529 917 1560 981 p.
1574 897 1639 962 383
1653 903 1728 982 sq.).
1786 896 1868 961 Nam

508 1006 678 1084 postquam
701 1022 729 1065 a.
744 1003 808 1067 725
824 1004 987 1086 Augustus
1010 1001 1147 1066 indulsit
1161 999 1301 1078 Asianis,
1325 1006 1362 1065 ut
1386 999 1449 1065 sibi
1472 1008 1504 1066 et
1519 1001 1599 1065 urbi
1614 1001 1732 1066 Romae
1756 999 1867 1066 aedem

508 1103 690 1169 dedicarent
713 1105 871 1188 Pergami,
900 1112 932 1170 et
957 1104 1120 1189 Bithynis,
1151 1111 1188 1168 ut
1211 1103 1413 1169 Nicomediae
1437 1103 1655 1189 (uicenam
1680 1103 1780 1169 Tacit.
1794 1125 1867 1169 ann.

508 1208 539 1283 4,
552 1206 621 1290 37),
643 1207 758 1273 deinde
773 1207 999 1274 consuetudine
1015 1208 1228 1273 invalescente
1243 1210 1371 1293 Ancyra
1386 1228 1511 1292 quoque
1528 1207 1670 1273 Galatiae
1686 1209 1868 1294 metropolis

510 1329 604 1374 sunm
633 1312 696 1377 sibi
724 1312 800 1378 fecit
821 1311 1002 1400 Σεβαστεῖον
1032 1312 1130 1395 (nam
1160 1313 1218 1377 hoc
1248 1313 1318 1397 ipso
1347 1313 1474 1378 nomine
1505 1311 1682 1398 appelletur
1711 1312 1746 1377 in
1774 1313 1869 1377 titulo

510 1407 586 1478 ul.
604 1414 656 1479 Gr.
679 1417 822 1482 nacae:
853 1416 928 1480 ὅπου
951 1416 985 1479 τὸ
1009 1413 1184 1502 Σεβαστῆόν
1210 1415 1286 1484 ἐστιν
1315 1418 1367 1480 καὶ
1395 1417 1415 1500 ἡ
1437 1418 1601 1502 πανήγυρις
1629 1417 1830 1501 reiterasset
1852 1417 1869 1480 ὁ

511 1517 756 1605 ἱππόδρομος)*),
780 1521 814 1585 id
837 1529 886 1585 est
908 1519 1018 1585 aedem
1041 1518 1109 1584 divi
1131 1519 1270 1602 Augusti
1292 1529 1324 1584 et
1345 1520 1434 1585 urbis
1457 1521 1585 1598 Romae,
1609 1522 1693 1586 sicut
1714 1526 1870 1588 monstrat

509 1623 624 1689 titulus
646 1625 739 1691 modo
763 1626 878 1692 citatus
900 1626 933 1690 in
957 1632 1032 1689 anta
1055 1624 1123 1689 sins
1147 1624 1251 1690 adhuc
1273 1633 1419 1710 prostans
1443 1625 1684 1711 sicincipiens:

1018 1783 1160 1848 Γαλατῶν
1183 1782 1235 1870 [r]d
1257 1783 1373 1869 [κοινὸν]

1015 1886 1231 1972 [ἱε]ρασοίμενον

1015 1991 1080 2077 θεῷ
1104 1991 1250 2079 Σεβαστῷ

1018 2096 1070 2157 καὶ
1092 2094 1152 2182 θεᾷ
1169 2091 1278 2180 Ῥώμῃ

513 2253 630 2338 quibus
653 2254 811 2318 subicitur
831 2253 980 2322 ludorum
1002 2254 1175 2322 laterculus
1199 2254 1240 2320 ad
1264 2253 1373 2320 aedem
1397 2273 1467 2318 eam
1490 2253 1585 2318 certis
1600 2253 1789 2331 intervallis,
1811 2255 1872 2319 for-

511 2364 597 2424 tasse
621 2358 731 2442 quinto
755 2379 881 2442 qnoque
903 2379 987 2423 anno
1010 2359 1176 2425 editorum.
1212 2357 1334 2424 Aedem
1355 2356 1533 2424 dedicatam
1556 2377 1627 2422 esse
1649 2357 1789 2442 putarim
1810 2377 1873 2424 non

512 2461 689 2546 imperante
704 2465 857 2545 Augusto,
882 2463 938 2530 sed
953 2470 1172 2548 postmortem
1189 2463 1258 2528 eius
1274 2463 1334 2531 sub
1351 2462 1489 2540 Tiberio,
1512 2469 1640 2547 propter
1655 2463 1734 2528 duas
1750 2480 1872 2539 causas,

512 2567 653 2652 primum
676 2567 759 2652 quod
782 2567 817 2632 in
839 2567 925 2635 ludis
948 2567 1097 2632 secundis
1120 2566 1267 2633 laterculi
1287 2567 1382 2634 modo
1403 2567 1568 2632 memorati
1589 2566 1707 2632 mentio
1723 2567 1759 2631 fit
1773 2566 1874 2630 Iuliae

511 2671 685 2753 Augustae,
709 2691 771 2754 quo
793 2672 921 2738 nomine
936 2670 1028 2738 Liria
1050 2670 1206 2759 appellari
1229 2677 1339 2755 coepta
1361 2677 1411 2737 est
1425 2677 1498 2756 post
1512 2675 1646 2736 mertem
1665 2668 1793 2734 demum
1808 2690 1874 2734 ma·

512 2772 577 2851 riti,
602 2773 717 2843 deinde
739 2775 826 2860 quod
847 2775 916 2840 eins
940 2774 1028 2843 aedis
1051 2774 1188 2859 parietes
1208 2774 1278 2859 ipso
1298 2773 1358 2842 hoc
1373 2774 1413 2842 de
1428 2794 1492 2859 quo
1509 2773 1634 2858 agimus
1649 2773 1754 2840 indice
1770 2794 1874 2839 rerum

513 2884 673 2960 gestarum
696 2879 764 2945 divi
785 2880 922 2963 Augusti
944 2880 991 2946 ita
1012 2879 1196 2965 implentur,
1220 2886 1259 2948 u't
1279 2901 1352 2948 eum
1373 2899 1438 2944 non
1458 2885 1527 2946 tam
1548 2879 1631 2943 facto
1653 2878 1742 2962 operi
1764 2884 1876 2963 postea

513 2981 703 3067 inscriptum
725 3005 795 3051 esse
817 2985 1006 3063 credideris,
1038 3006 1136 3069 quam
1159 2985 1267 3053 statim
1293 2985 1327 3050 in
1350 2984 1419 3068 ipso
1444 3003 1537 3068 opera
1559 2982 1703 3048 faciendo
1726 2981 1874 3053 incisum.

516 3124 555 3137 -
581 3087 704 3154 Similis
726 3091 854 3157 omnino
876 3091 940 3156 luit
960 3091 1055 3157 aedes
1078 3091 1188 3166 altera,
1213 3110 1311 3172 quam
1332 3088 1391 3151 hoc
1414 3087 1520 3153 indice
1542 3085 1752 3171 conscriptam
1776 3088 1876 3154 luisse

514 3198 646 3269 constat,
670 3193 959 3277 Apolloniensium.
1008 3192 1091 3262 Nam
1113 3192 1230 3275 legitur
1251 3191 1299 3259 ibi
1330 3210 1427 3277 supra
1449 3190 1589 3257 indicem
1610 3190 1725 3255 titulus
1750 3192 1806 3275 qui
1829 3212 1877 3255 se-

440 3370 448 3385 ·
515 3294 623 3376 quitur
639 3296 689 3379 (C.
704 3297 730 3359 Ι.
747 3296 799 3361 Gr.
815 3319 848 3362 n.
856 3297 959 3381 3971)
983 3316 1046 3361 non
1069 3296 1111 3361 ad
1133 3294 1272 3366 indicem
1295 3294 1361 3361 ullo
1384 3294 1477 3361 modo
1497 3294 1670 3379 pertinens,
1695 3294 1751 3361 sed
1773 3294 1876 3381 ipsius

515 3398 618 3465 aedis:

560 3586 828 3607 ..........
851 3547 903 3609 καὶ
919 3545 1012 3615 ἰδίους
1033 3545 1124 3615 θεοὺς
1139 3545 1311 3633 {sparreus
1331 3546 1385 3609 καὶ
1399 3544 1468 3613 τοὺς
1482 3540 1608 3628 [adsidue
1624 3540 1738 3629 αὐτ[ῶ]ν
1752 3587 1761 3604 .
1775 3587 1784 3604 .
1798 3587 1806 3604 .
1821 3587 1829 3604 .
1844 3588 1852 3604 .
1867 3587 1876 3603 .

560 3646 620 3732 [καί
641 3647 701 3733 θεᾷ
716 3644 839 3735 Ῥώμῃ]
859 3650 927 3736 κ[α]ὶ
950 3646 1078 3737 Τιβερίῳ
1103 3648 1233 3736 Καίσαρι
1580 3645 1645 3731 θεῷ
1667 3643 1815 3733 Σεβαστῷ

516 3805 570 3871 Sic
596 3808 737 3877 restituit
758 3809 926 3889 Francius,
955 3810 1020 3877 nisi
1047 3810 1133 3896 quod
1163 3811 1265 3877 abieci
1292 3811 1417 3878 inausa
1441 3808 1503 3871 u2
1534 3811 1607 3890 post
1628 3802 1759 3892 Καίσαρι
1782 3806 1879 3873 verba

515 3911 590 3977 θεοῦ
610 3911 767 4001 Σεβαστοῦ
791 3916 847 4001 υἱῷ
870 3922 902 3981 et
923 3915 1080 4001 principio
1100 3936 1131 3979 r.
1146 3915 1175 3993 2,
1200 3915 1259 3981 ubi
1278 3913 1414 3978 traditur
1436 3931 1746 3982 aussorrranrrnr,
1776 3908 1881 3975 Caroli

587 4215 614 4278 *)
639 4218 716 4286 Apud
734 4220 875 4288 losephum
900 4222 968 4284 (ant
983 4221 1025 4285 16,
1038 4220 1063 4285 6,
1077 4221 1110 4282 2)
1132 4222 1161 4274 in
1185 4221 1286 4276 decreti
1303 4220 1419 4289 Augusti
1443 4219 1543 4299 uerbis:
1568 4217 1595 4269 ἐν
1618 4218 1792 4289 ἐπισημοτάτῳ
1809 4215 1880 4285 τόπῳ

516 4301 644 4375 γενηθέντι
661 4323 703 4375 μοι
721 4305 768 4358 ὑπὸ
786 4311 832 4359 τοῦ
849 4313 933 4360 κοινοῦ
951 4304 1087 4377 τῆςἈσίας
1098 4308 1125 4359 ἐν
1136 4304 1238 4379 Ἀργὺρρ
1259 4310 1329 4359 recta
1349 4306 1449 4358 monuit
1466 4302 1617 4357 Chishullus
1631 4322 1657 4375 ρ.
1667 4302 1716 4357 166
1736 4303 1880 4356 cavendum

516 4406 576 4443 esse
594 4393 626 4444 ab
645 4393 827 4446 emendatione
846 4392 1018 4462 Scaligerana
1039 4393 1118 4447 bodie
1141 4399 1248 4461 recepta
1273 4392 1298 4444 ἐν
1314 4388 1434 4463 ’Arctous
1460 4393 1651 4459 expectandum
1677 4393 1748 4443 certe
1766 4390 1794 4443 id
1812 4388 1881 4457 quod

516 4478 618 4531 Potitus
631 4480 770 4533 restituere
782 4496 862 4533 ausus
875 4486 917 4534 est
934 4481 960 4533 ἐν
973 4478 1099 4550 Περγάμῳ
1118 4480 1193 4544 (Tac.
1207 4496 1266 4532 ann.
1279 4480 1305 4543 4,
1318 4479 1352 4533 37
1366 4479 1421 4542 al).
1449 4478 1588 4531 Decretum
1602 4477 1732 4546 pertinere
1745 4476 1778 4529 ad
1791 4476 1882 4528 Asiam

517 4566 678 4632 prouinciam
696 4581 728 4621 ao
746 4567 832 4635 magia
850 4570 967 4632 constat,
991 4566 1062 4635 quod
1083 4568 1112 4619 in
1131 4582 1162 4619 eo
1181 4567 1329 4619 nominatur
1348 4564 1378 4618 O.
1391 4566 1504 4619 Marcius
1518 4564 1678 4618 Censorinus
1696 4562 1738 4626 (r.
1758 4562 1787 4616 G.
1801 4563 1821 4615 Ι.
1836 4561 1881 4615 Gr.

517 4666 543 4705 n.
554 4650 644 4705 cesae
663 4657 690 4705 et
706 4653 775 4707 inira
792 4671 817 4723 p.
831 4653 901 4717 123).
934 4653 1056 4707 Ceterum
1073 4654 1180 4721 insigne
1199 4653 1333 4707 decretum
1351 4652 1379 4705 in
1398 4650 1513 4720 Augusti
1531 4652 1655 4705 honorem
1675 4650 1773 4706 factum
1792 4649 1883 4703 aLes·

517 4738 578 4802 biis,
596 4741 667 4807 quod
679 4741 812 4809 Mytilenis
831 4745 963 4810 repertum
975 4741 1124 4809 nuperrime
1137 4740 1220 4793 edidit
1233 4739 1346 4793 Gonzius
1365 4739 1452 4805 (Reice
1464 4742 1516 4809 aas
1523 4742 1566 4791 der
1577 4740 1647 4791 Israel
1657 4738 1752 4791 Lesbos
1763 4734 1883 4799 tabrrr),

518 4826 591 4879 aedis
609 4841 712 4895 quoque
730 4828 803 4881 illius
815 4828 993 4896 Pergamenae
1005 4827 1125 4879 meminit
1138 4826 1192 4878 sic:
1212 4820 1339 4878 dorileum
1357 4826 1384 4879 δὲ
1404 4825 1499 4891 δέλτο[ν
1509 4863 1588 4879 .....
1600 4824 1625 4877 ἐν
1643 4828 1680 4893 τῷ
1693 4828 1747 4891 ναῷ
1759 4826 1796 4893 τῳ
1809 4838 1883 4873 κατε-

519 4911 689 4983 σκὶυοσμένῳ
708 4914 955 4977 (...ΕΥΑΣοΜΕΝΩ
967 4912 1089 4975 traditur)
1109 4908 1196 4981 a[b}rq'›
1215 4910 1262 4965 ὑπὸ
1281 4906 1416 4983 τῆςἈσίας
1434 4912 1459 4965 ἐν
1473 4908 1598 4985 Περγάμῳ
1611 4910 1664 4975 anfi
1676 4908 1712 4972 ἐν]
1724 4944 1854 4961 ..........
1862 4928 1883 4977 ap

519 4999 563 5051 aul
578 4994 668 5069 Ἀκτίῳ
686 5001 731 5052 καὶ
747 4997 887 5070 Βρεντεσίῳ
905 4999 949 5052 aul
961 4996 1129 5069 l'apbdfflmu
1147 4999 1192 5051 acl
1207 4994 1370 5069 Medoccdtlpi
1388 5035 1522 5052 ..........
1540 4996 1583 5049 καὶ
1593 4994 1756 5069 'Abctcplessp
1773 4998 1835 5062 πρός
1851 4998 1883 5067 τῇ

522 5081 620 5157 Δάφνῃ.
654 5087 772 5155 Apparet
790 5087 961 5154 mytilenaeos
986 5086 1086 5140 decreti
1105 5087 1146 5140 sui
1165 5086 1285 5155 exempla
1306 5086 1418 5155 proponi
1441 5086 1554 5141 iussisse
1578 5085 1691 5139 maxime
1708 5084 1736 5137 in
1755 5082 1884 5151 portibus,

523 5175 550 5227 in
569 5175 664 5242 quibus
683 5174 893 5243 frequentissime
912 5177 1085 5229 versarentur.
