4400 6175
218 5072 253 5136 ³⁰)

1616 716 1795 774 XV'

260 920 287 963 ιι
323 899 394 964 sine
438 898 506 966 ulle
549 893 755 980 inscriptione
798 895 937 962 nominis
982 896 1046 962 ruci
1097 895 1184 962 riuos
1229 915 1385 979 aquarum
1426 895 1645 982 compluribus
1689 895 1767 960 locis

321 1009 483 1068 uetustate
531 1001 677 1068 lubentes
727 1000 823 1064 reieci
867 1006 900 1066 st
944 1019 1059 1083 aquam
1110 1019 1193 1083 quae
1237 1000 1339 1066 maria
1382 1001 1561 1085 appellatur
1604 998 1769 1084 duplicaui

322 1108 407 1172 fonte
462 1125 544 1171 nouo
600 1104 634 1170 in
690 1104 796 1168 riuum
851 1104 921 1169 cius
976 1103 1121 1170 iminisso
1177 1104 1280 1168 iorum
1335 1102 1450 1170 iulium
1510 1113 1544 1172 et
1602 1103 1768 1170 basilicam

322 1231 404 1294 quae
455 1211 516 1276 luit
566 1208 648 1276 inter
702 1207 812 1274 aedem
861 1207 993 1272 castoris
1045 1213 1077 1272 et
1125 1206 1236 1272 aedom
1281 1208 1406 1272 saturni
1449 1219 1562 1294 caepta
1604 1208 1770 1295 profligata

324 1335 419 1400 opera
475 1337 494 1380 a
545 1321 634 1399 putre
682 1331 753 1378 meo
807 1312 925 1397 perfeci
976 1318 1009 1378 et
1057 1311 1193 1405 eandem
1243 1311 1410 1378 basilicam
1459 1319 1679 1378 consumatam
1733 1308 1769 1374 in

260 1439 288 1484 15
437 1418 623 1505 ampliatam
638 1415 681 1502 ²³)
718 1415 788 1480 eius
825 1414 892 1480 solo
930 1413 990 1480 sub
1028 1413 1122 1482 titulo
1306 1414 1445 1482 nominis
1481 1415 1619 1482 filiorum

324 1567 495 1587 ......
541 1522 638 1588 uiuus
675 1539 737 1587 non
775 1519 977 1604 perfecissem
1021 1519 1140 1604 perfeci
1153 1517 1199 1604 ²⁶)
1244 1520 1285 1584 ab
1327 1518 1518 1584 hneredibus
1532 1519 1577 1605 27)
1823 1554 1826 1558 ⁴

323 1669 563 1690 ........
608 1624 732 1708 uirgine
782 1622 1023 1708 exemplumw)
1074 1623 1171 1691 deum
1213 1623 1247 1688 in
1292 1623 1371 1688 urbe
1421 1643 1521 1690 consu

324 1775 562 1794 ........
607 1728 669 1792 ieci
706 1725 803 1792 fluuio
842 1726 1065 1812 praetermisso
1104 1727 1189 1811 quod
1229 1733 1317 1812 temp

326 1875 599 1896 .........
607 1876 632 1910 ,·
679 1837 711 1896 ct

258 1960 288 2004 ιο
324 1982 463 2001 .....
476 1945 480 1954 ’
489 1976 1767 1999 .......................................

324 2081 994 2104 .....................
1029 2039 1142 2104 ultoris
1176 2039 1332 2124 templum
1366 2059 1565 2124 quorumque
1599 2045 1771 2124 augustum

325 2155 356 2211 ct
388 2141 546 2230 templum
584 2139 733 2228 apollinis
770 2141 804 2207 in
842 2140 910 2206 solo
945 2161 1095 2224 magnum
1130 2148 1252 2227 partem
1290 2186 1770 2206 ...............

324 2255 429 2334 empto
462 2247 522 2314 leci
557 2246 640 2331 quod
676 2265 733 2310 suo
768 2243 895 2310 nomine
929 2265 963 2310 m
995 2245 1139 2311 marcelli
1170 2247 1280 2310 ueneri
1326 2291 1771 2311 ..............

324 2352 472 2418 manibus
503 2352 537 2416 in
568 2349 721 2435 'capitolio
754 2353 786 2414 et
817 2347 852 2413 in
887 2347 964 2414 esde
998 2348 1068 2413 diui
1101 2348 1176 2414 iulii
1203 2355 1235 2414 et
1263 2351 1298 2415 in
1327 2351 1405 2417 aede
1433 2351 1583 2437 apollinis
1611 2357 1644 2416 et
1671 2351 1707 2416 in
1736 2371 1773 2415 ae

261 2479 288 2522 aa
326 2459 364 2522 de
410 2463 499 2522 ueste
545 2461 577 2520 et
616 2454 651 2520 in
694 2453 815 2539 templo
859 2453 970 2519 mertis
1015 2451 1146 2518 uictoris
1191 2456 1374 2519 consecraui
1419 2476 1501 2539 quae
1546 2455 1626 2523 mihi
1671 2454 1774 2521 consti

323 2567 430 2626 terunt
444 2559 488 2644 ²⁹)
549 2557 674 2624 circiter
732 2555 874 2622 millenis
935 2558 1005 2621 auri
1064 2558 1218 2623 coronarii
1233 2556 1277 2642 ³⁰)
1337 2558 1443 2644 pondo
1502 2560 1634 2644 triginta
1694 2559 1773 2643 quin

323 2687 384 2749 qne
418 2663 557 2730 millium
595 2660 778 2748 municipiis
816 2670 848 2727 et
885 2661 1017 2728 coloniis
1033 2661 1075 2746 ³¹)
1111 2663 1219 2726 italiae
1253 2663 1489 2728 conferentibus
1525 2685 1561 2728 ae
1594 2661 1774 2748 triumphos

323 2789 411 2834 meos
445 2767 591 2854 quintum
625 2764 736 2831 consul
770 2763 879 2830 remisi
914 2774 947 2829 et
980 2772 1091 2850 postea
1125 2765 1398 2849 quotienscunque
1433 2767 1605 2852 imperator
1640 2789 1674 2832 ιιι
1697 2812 1706 2829 .
1730 2810 1773 2828 ..

326 2915 633 2934 ..........
681 2867 750 2934 auri
796 2868 993 2933 coronarium
1039 2888 1100 2932 non
1148 2869 1255 2955 accepi
1300 2868 1543 2935 decernentibus
1588 2868 1774 2955 municipiis

260 2996 288 3039 ao
324 3015 1206 3037 ...........................
1261 2993 1342 3056 quoe
1388 2981 1461 3038 ante
1477 2974 1520 3057 ³²)
1572 2974 1775 3039 decreueram

260 3101 287 3146 as
325 3122 1404 3145 .................................
1452 3084 1578 3163 tempus
1625 3079 1775 3143 defunctu

260 3204 288 3248 ιο
325 3208 396 3251 rum
435 3186 645 3251 africanarum
682 3204 752 3247 meo
787 3182 914 3247 nomine
953 3189 1008 3247 eut
1044 3180 1183 3247 filiorum
1220 3202 1360 3246 meorum
1400 3190 1432 3246 et
1468 3189 1619 3267 nepotum
1657 3184 1690 3247 in
1729 3183 1777 3247 cir

326 3310 360 3354 co
492 3334 500 3351 .
534 3295 590 3352 aut
622 3288 655 3351 in
692 3287 757 3350 lore
773 3284 816 3371 ³⁸)
852 3292 907 3351 aut
939 3286 973 3349 in
1009 3284 1251 3373 amphitheatris
1285 3285 1383 3372 popul
1429 3330 1604 3348 ......
1658 3286 1775 3370 quibus

324 3394 465 3459 confecta
537 3398 612 3456 sunt
686 3390 859 3455 bestiarum
927 3390 1052 3455 circiter
1125 3390 1224 3456 trium
1290 3390 1428 3455 millium
1496 3397 1530 3456 et
1603 3390 1777 3475 quingente

326 3496 451 3561 naualis
496 3494 609 3580 praelii
654 3494 871 3578 spectaculum
914 3493 1012 3579 popul
1068 3538 1278 3555 .......
1324 3493 1462 3561 liberum
1513 3496 1548 3560 in
1600 3516 1663 3579 quo
1708 3495 1777 3560 loeo

326 3620 411 3665 nunc
456 3620 569 3665 nemus
613 3604 662 3663 est
707 3616 871 3662 caesarum
908 3604 1019 3662 cauato
1064 3642 1376 3661 ..........
1437 3599 1637 3683 longitudine
1686 3598 1777 3664 mille

262 3722 290 3768 45
327 3710 360 3769 et
419 3703 613 3786 octingentos
672 3700 769 3787 pedes
828 3702 863 3767 in
922 3698 1092 3769 latitudine
1153 3702 1250 3788 pedes
1311 3703 1440 3769 ducenti
1500 3704 1536 3769 in
1604 3726 1667 3788 quo
1735 3705 1778 3770 tri

326 3808 415 3891 ginta
464 3812 597 3873 resume
648 3824 747 3871 naues
797 3805 1007 3890 triremesque
1059 3805 1216 3892 plurimae
1262 3847 1775 3872 ................

325 3924 467 3977 rumores
520 3910 603 3977 inter
654 3931 688 3977 sc
739 3910 949 3975 conflixerunt
994 3920 1069 3973 ..2
1095 3954 1776 3977 .....................

326 4022 402 4079 runt
451 4019 574 4099 praeter
625 4013 760 4096 remiges
810 4012 915 4079 millia
960 4057 1170 4077 .......
1216 4014 1345 4081 circiter
1397 4061 1777 4080 ............

328 4120 363 4183 in
409 4116 538 4202 templis
589 4117 730 4183 omniurn
782 4116 962 4185 ciuitatium
1006 4137 1027 4202 p
1056 4162 1269 4181 .......
1323 4125 1356 4184 et
1409 4120 1497 4185 asiae
1549 4121 1652 4187 uictor
1701 4141 1779 4188 orna
1894 4164 1903 4173 ·

263 4241 291 4287 oc
328 4227 436 4287 menta
480 4221 609 4305 reposui
658 4240 739 4305 quac
790 4220 935 4305 spoliatis
986 4220 1117 4306 templis
1161 4262 1639 4288 ...............
1653 4269 1674 4287 -.
1697 4271 1706 4287 .
1730 4270 1774 4288 ..

329 4324 481 4411 priuatim
526 4323 710 4409 possederat
757 4330 883 4391 statuae
1563 4375 1776 4392 .......

329 4428 540 4513 quadragenis
608 4429 765 4512 argenteis
833 4435 988 4495 steterunt
1053 4429 1086 4493 in
1146 4431 1226 4495 urbe
1286 4454 1322 4497 oc
1381 4431 1508 4497 circiter
1567 4451 1646 4516 quas
1705 4434 1776 4519 ipse

330 4532 448 4599 sustuli
486 4554 525 4597 ex
562 4553 628 4615 qua
664 4532 704 4599 de
744 4534 880 4619 pecunia
917 4534 1001 4599 dona
1038 4553 1134 4599 aurea
1177 4534 1210 4598 in
1249 4536 1358 4601 aedem
1397 4536 1547 4623 apollinis
1583 4558 1656 4601 meo
1692 4538 1779 4603 nomi

329 4658 369 4701 ne
429 4644 461 4701 et
519 4638 658 4704 filiorum
719 4658 801 4722 quae
861 4638 942 4703 mihi
1000 4644 1180 4705 statuerunt
1237 4639 1387 4707 honorem
1446 4640 1628 4707 habuerunt
1686 4641 1779 4727 posui

304 4989 346 5055 25)
366 4994 489 5061 ampliato
509 4994 579 5047 Bois.
689 4990 728 5059 26)
747 4992 869 5063 perficio
977 4990 1016 5059 ²⁷)
1033 4994 1207 5048 heredibusv
1297 4991 1336 5058 ²⁸)
1354 4995 1485 5062 templav
1586 4989 1623 5057 ²⁹)
1642 5004 1683 5047 ess
1701 4998 1746 5046 ins.
1766 5014 1781 5045 c

272 5082 393 5133 coronari
410 5100 426 5131 v
532 5078 570 5143 ³¹)
589 5080 725 5134 colonisv
831 5078 871 5144 ⁸²)
890 5086 967 5135 anteo
984 5102 1026 5134 a⁴
1106 5080 1150 5144 ’3)
1163 5082 1191 5134 in
1210 5082 1279 5134 circo
1299 5082 1422 5166 auenioro
1442 5084 1488 5135 aut
1505 5082 1533 5134 in
1551 5081 1607 5134 foro
1625 5101 1641 5133 a
