<?xml version="1.0" encoding="UTF-8"?>
<!DOCTYPE html PUBLIC "-//W3C//DTD XHTML 1.0 Transitional//EN"
    "http://www.w3.org/TR/xhtml1/DTD/xhtml1-transitional.dtd">
<html xmlns="http://www.w3.org/1999/xhtml" xml:lang="en" lang="en">
 <head>
  <title>
</title>
<meta http-equiv="Content-Type" content="text/html;charset=utf-8" />
  <meta name='ocr-system' content='tesseract 3.04.00' />
  <meta name='ocr-capabilities' content='ocr_page ocr_carea ocr_par ocr_line ocrx_word'/>
</head>
<body>
  <div class='ocr_page' id='page_1' title='image "./resgestaediviau02augugoog_0121.png"; bbox 0 0 4400 6175; ppageno 0'>
   <div class='ocr_carea' id='block_1_1' title="bbox 883 713 1650 786">
    <p class='ocr_par' dir='ltr' id='par_1_1' title="bbox 883 713 1650 786">
     <span class='ocr_line' id='line_1_1' title="bbox 883 713 1650 786; baseline 0.005 -20"><span class='ocrx_word' id='word_1_1' title='bbox 883 713 1062 778; x_wconf 74' lang='lat' dir='ltr'>ruas-o</span> <span class='ocrx_word' id='word_1_2' title='bbox 1608 723 1650 786; x_wconf 81' lang='lat'>65</span> 
     </span>
    </p>
   </div>
   <div class='ocr_carea' id='block_1_2' title="bbox 292 889 1652 1082">
    <p class='ocr_par' dir='ltr' id='par_1_2' title="bbox 292 889 1652 1082">
     <span class='ocr_line' id='line_1_2' title="bbox 294 889 1652 970; baseline 0.01 -20"><span class='ocrx_word' id='word_1_3' title='bbox 294 889 421 951; x_wconf 71' lang='lat' dir='ltr'>clidium</span> <span class='ocrx_word' id='word_1_4' title='bbox 443 889 641 952; x_wconf 76' lang='lat' dir='ltr'>sacerdotum</span> <span class='ocrx_word' id='word_1_5' title='bbox 663 907 726 952; x_wconf 79' lang='lat' dir='ltr'>nco</span> <span class='ocrx_word' id='word_1_6' title='bbox 749 889 898 970; x_wconf 77' lang='lat' dir='ltr'>displicet</span> <span class='ocrx_word' id='word_1_7' title='bbox 919 890 1023 954; x_wconf 74' lang='lat' dir='ltr'>nobie.</span> <span class='ocrx_word' id='word_1_8' title='bbox 1074 890 1316 957; x_wconf 83' lang='lat' dir='ltr'>Anniversarios</span> <span class='ocrx_word' id='word_1_9' title='bbox 1344 893 1444 959; x_wconf 83' lang='lat' dir='ltr'>inisse</span> <span class='ocrx_word' id='word_1_10' title='bbox 1471 895 1652 963; x_wconf 78' lang='lat' dir='ltr'><strong>innotuerat</strong></span> 
     </span>
     <span class='ocr_line' id='line_1_3' title="bbox 292 991 1652 1082; baseline 0.007 -26"><span class='ocrx_word' id='word_1_11' title='bbox 292 991 354 1056; x_wconf 90' lang='lat' dir='ltr'>iam</span> <span class='ocrx_word' id='word_1_12' title='bbox 383 1011 424 1054; x_wconf 86' lang='lat' dir='ltr'>ex</span> <span class='ocrx_word' id='word_1_13' title='bbox 453 991 552 1056; x_wconf 90' lang='lat' dir='ltr'>Dione</span> <span class='ocrx_word' id='word_1_14' title='bbox 583 991 634 1068; x_wconf 90' lang='grc'>60,</span> <span class='ocrx_word' id='word_1_15' title='bbox 660 992 696 1070; x_wconf 89' lang='grc'>5;</span> <span class='ocrx_word' id='word_1_16' title='bbox 727 991 828 1058; x_wconf 86' lang='lat' dir='ltr'>editos</span> <span class='ocrx_word' id='word_1_17' title='bbox 858 1013 927 1058; x_wconf 87' lang='lat' dir='ltr'>esse</span> <span class='ocrx_word' id='word_1_18' title='bbox 957 1013 976 1056; x_wconf 87' lang='grc'>5</span> <span class='ocrx_word' id='word_1_19' title='bbox 1005 994 1189 1060; x_wconf 83' lang='lat' dir='ltr'>consulibua</span> <span class='ocrx_word' id='word_1_20' title='bbox 1218 1003 1380 1080; x_wconf 81' lang='lat' dir='ltr'>praeterea</span> <span class='ocrx_word' id='word_1_21' title='bbox 1408 999 1468 1063; x_wconf 87' lang='lat' dir='ltr'>Dio</span> <span class='ocrx_word' id='word_1_22' title='bbox 1495 1000 1652 1082; x_wconf 78' lang='lat' dir='ltr'>significat</span> 
     </span>
    </p>
   </div>
   <div class='ocr_carea' id='block_1_3' title="bbox 293 1094 1652 1286">
    <p class='ocr_par' dir='ltr' id='par_1_3' title="bbox 293 1094 1652 1286">
     <span class='ocr_line' id='line_1_4' title="bbox 293 1094 1652 1186; baseline 0.007 -28"><span class='ocrx_word' id='word_1_23' title='bbox 293 1095 366 1178; x_wconf 91' lang='grc'><strong>(56,</strong></span> <span class='ocrx_word' id='word_1_24' title='bbox 383 1095 449 1178; x_wconf 85' lang='grc'>46)</span> <span class='ocrx_word' id='word_1_25' title='bbox 479 1095 617 1160; x_wconf 83' lang='lat' dir='ltr'>reserens</span> <span class='ocrx_word' id='word_1_26' title='bbox 648 1094 806 1160; x_wconf 90' lang='lat' dir='ltr'>decretum</span> <span class='ocrx_word' id='word_1_27' title='bbox 838 1115 907 1160; x_wconf 88' lang='lat' dir='ltr'>esse</span> <span class='ocrx_word' id='word_1_28' title='bbox 930 1099 1073 1178; x_wconf 80' lang='lat' dir='ltr'>Augusto</span> <span class='ocrx_word' id='word_1_29' title='bbox 1104 1097 1268 1176; x_wconf 85' lang='lat' dir='ltr'>defuncto,</span> <span class='ocrx_word' id='word_1_30' title='bbox 1299 1100 1380 1170; x_wconf 73' lang='grc' dir='ltr'>ὅπως</span> <span class='ocrx_word' id='word_1_31' title='bbox 1409 1101 1446 1164; x_wconf 80' lang='grc' dir='ltr'>τὰ</span> <span class='ocrx_word' id='word_1_32' title='bbox 1475 1104 1594 1186; x_wconf 77' lang='grc' dir='ltr'><strong>γενέσια</strong></span> <span class='ocrx_word' id='word_1_33' title='bbox 1622 1107 1652 1168; x_wconf 85' lang='lat' dir='ltr'>ci</span> 
     </span>
     <span class='ocr_line' id='line_1_5' title="bbox 293 1196 1651 1286; baseline 0.008 -24"><span class='ocrx_word' id='word_1_34' title='bbox 293 1198 394 1262; x_wconf 81' lang='grc' dir='ltr'>ὕπατοι</span> <span class='ocrx_word' id='word_1_35' title='bbox 420 1199 451 1268; x_wconf 76' lang='grc' dir='ltr'>ἐξ</span> <span class='ocrx_word' id='word_1_36' title='bbox 474 1197 538 1262; x_wconf 81' lang='grc' dir='ltr'>ἴσου</span> <span class='ocrx_word' id='word_1_37' title='bbox 563 1203 622 1268; x_wconf 86' lang='grc' dir='ltr'><strong>τοῖς</strong></span> <span class='ocrx_word' id='word_1_38' title='bbox 642 1196 764 1283; x_wconf 79' lang='grc' dir='ltr'>Ἀρείοις</span> <span class='ocrx_word' id='word_1_39' title='bbox 787 1198 1023 1281; x_wconf 53' lang='lat' dir='ltr'>ceucocroca</span> <span class='ocrx_word' id='word_1_40' title='bbox 1068 1201 1107 1265; x_wconf 95' lang='lat' dir='ltr'>ln</span> <span class='ocrx_word' id='word_1_41' title='bbox 1130 1201 1191 1266; x_wconf 92' lang='lat' dir='ltr'>fine</span> <span class='ocrx_word' id='word_1_42' title='bbox 1215 1201 1341 1268; x_wconf 86' lang='lat' dir='ltr'>videtur</span> <span class='ocrx_word' id='word_1_43' title='bbox 1357 1205 1518 1286; x_wconf 81' lang='lat' dir='ltr'>Augustus</span> <span class='ocrx_word' id='word_1_44' title='bbox 1541 1228 1651 1273; x_wconf 90' lang='lat' dir='ltr'>nume·</span> 
     </span>
    </p>
   </div>
   <div class='ocr_carea' id='block_1_4' title="bbox 291 1299 1650 1490">
    <p class='ocr_par' dir='ltr' id='par_1_4' title="bbox 291 1299 1650 1490">
     <span class='ocr_line' id='line_1_6' title="bbox 291 1299 1650 1396; baseline 0.008 -30"><span class='ocrx_word' id='word_1_45' title='bbox 291 1323 360 1366; x_wconf 91' lang='lat' dir='ltr'>rum</span> <span class='ocrx_word' id='word_1_46' title='bbox 384 1301 545 1386; x_wconf 83' lang='lat' dir='ltr'>posuisse,</span> <span class='ocrx_word' id='word_1_47' title='bbox 577 1301 722 1386; x_wconf 88' lang='lat' dir='ltr'>quotiens</span> <span class='ocrx_word' id='word_1_48' title='bbox 749 1299 896 1386; x_wconf 83' lang='lat' dir='ltr'>deinceps</span> <span class='ocrx_word' id='word_1_49' title='bbox 927 1301 997 1366; x_wconf 92' lang='lat' dir='ltr'>ludi</span> <span class='ocrx_word' id='word_1_50' title='bbox 1025 1303 1187 1380; x_wconf 65' lang='lat' dir='ltr'>celebrati,</span> <span class='ocrx_word' id='word_1_51' title='bbox 1204 1305 1269 1370; x_wconf 86' lang='lat' dir='ltr'>sint</span> <span class='ocrx_word' id='word_1_52' title='bbox 1291 1306 1332 1372; x_wconf 90' lang='lat' dir='ltr'>ad</span> <span class='ocrx_word' id='word_1_53' title='bbox 1354 1327 1429 1372; x_wconf 91' lang='lat' dir='ltr'>eum</span> <span class='ocrx_word' id='word_1_54' title='bbox 1457 1308 1558 1388; x_wconf 88' lang='lat' dir='ltr'>diem,</span> <span class='ocrx_word' id='word_1_55' title='bbox 1588 1332 1650 1396; x_wconf 94' lang='lat' dir='ltr'>quo</span> 
     </span>
     <span class='ocr_line' id='line_1_7' title="bbox 292 1405 528 1490; baseline 0 -22"><span class='ocrx_word' id='word_1_56' title='bbox 292 1405 367 1469; x_wconf 86' lang='lat' dir='ltr'>haec</span> <span class='ocrx_word' id='word_1_57' title='bbox 391 1405 528 1490; x_wconf 84' lang='lat' dir='ltr'>scripsit.</span> 
     </span>
    </p>
   </div>
   <div class='ocr_carea' id='block_1_5' title="bbox 293 1917 1650 2562">
    <p class='ocr_par' dir='ltr' id='par_1_5' title="bbox 293 1917 1650 2562">
     <span class='ocr_line' id='line_1_8' title="bbox 307 1917 1648 2004; baseline 0.004 -24"><span class='ocrx_word' id='word_1_58' title='bbox 307 1921 416 2000; x_wconf 71' lang='grc'><strong>1554,</strong></span> <span class='ocrx_word' id='word_1_59' title='bbox 432 1935 506 1982; x_wconf 83' lang='grc'><strong>5545</strong></span> <span class='ocrx_word' id='word_1_60' title='bbox 537 1917 741 2003; x_wconf 73' lang='lat' dir='ltr'>[Veneticum</span> <span class='ocrx_word' id='word_1_61' title='bbox 766 1917 976 2004; x_wconf 82' lang='lat' dir='ltr'>b]est[iu]lrnm</span> <span class='ocrx_word' id='word_1_62' title='bbox 991 1919 1221 1984; x_wconf 86' lang='lat' dir='ltr'>Africanarum</span> <span class='ocrx_word' id='word_1_63' title='bbox 1244 1943 1316 1984; x_wconf 92' lang='lat' dir='ltr'>meo</span> <span class='ocrx_word' id='word_1_64' title='bbox 1340 1921 1468 1986; x_wconf 88' lang='lat' dir='ltr'>nomine</span> <span class='ocrx_word' id='word_1_65' title='bbox 1490 1929 1546 1986; x_wconf 88' lang='lat' dir='ltr'>aut</span> <span class='ocrx_word' id='word_1_66' title='bbox 1566 1919 1648 1985; x_wconf 86' lang='lat' dir='ltr'>lilio-</span> 
     </span>
     <span class='ocr_line' id='line_1_9' title="bbox 477 2028 1649 2118; baseline 0.003 -25"><span class='ocrx_word' id='word_1_67' title='bbox 477 2047 506 2093; x_wconf 84' lang='grc'>41</span> <span class='ocrx_word' id='word_1_68' title='bbox 541 2028 635 2115; x_wconf 85' lang='lat' dir='ltr'>[ru]m</span> <span class='ocrx_word' id='word_1_69' title='bbox 658 2051 803 2094; x_wconf 90' lang='lat' dir='ltr'>meorum</span> <span class='ocrx_word' id='word_1_70' title='bbox 827 2039 859 2094; x_wconf 89' lang='lat' dir='ltr'>et</span> <span class='ocrx_word' id='word_1_71' title='bbox 882 2029 1055 2116; x_wconf 86' lang='lat' dir='ltr'>nepo[t]um</span> <span class='ocrx_word' id='word_1_72' title='bbox 1077 2030 1111 2094; x_wconf 90' lang='lat' dir='ltr'>in</span> <span class='ocrx_word' id='word_1_73' title='bbox 1136 2031 1252 2116; x_wconf 72' lang='lat' dir='ltr'>ci[r]tco</span> <span class='ocrx_word' id='word_1_74' title='bbox 1282 2041 1338 2097; x_wconf 85' lang='lat' dir='ltr'>aut</span> <span class='ocrx_word' id='word_1_75' title='bbox 1360 2032 1416 2118; x_wconf 82' lang='lat' dir='ltr'>[i]n</span> <span class='ocrx_word' id='word_1_76' title='bbox 1439 2036 1513 2115; x_wconf 72' lang='lat' dir='ltr'>foro</span> <span class='ocrx_word' id='word_1_77' title='bbox 1536 2033 1649 2098; x_wconf 87' lang='lat' dir='ltr'>autin</span> 
     </span>
     <span class='ocr_line' id='line_1_10' title="bbox 477 2139 1648 2228; baseline 0.003 -23"><span class='ocrx_word' id='word_1_78' title='bbox 477 2159 507 2205; x_wconf 80' lang='lat'>42</span> <span class='ocrx_word' id='word_1_79' title='bbox 540 2140 781 2226; x_wconf 75' lang='lat' dir='ltr'>amphitheatris</span> <span class='ocrx_word' id='word_1_80' title='bbox 805 2141 934 2228; x_wconf 90' lang='lat' dir='ltr'>popul[c</span> <span class='ocrx_word' id='word_1_81' title='bbox 957 2139 1045 2227; x_wconf 85' lang='lat' dir='ltr'>d]edi</span> <span class='ocrx_word' id='word_1_82' title='bbox 1068 2143 1197 2208; x_wconf 83' lang='lat' dir='ltr'>sexiens</span> <span class='ocrx_word' id='word_1_83' title='bbox 1221 2152 1253 2207; x_wconf 91' lang='lat' dir='ltr'>et</span> <span class='ocrx_word' id='word_1_84' title='bbox 1267 2145 1402 2225; x_wconf 86' lang='lat' dir='ltr'>viciens,</span> <span class='ocrx_word' id='word_1_85' title='bbox 1425 2143 1648 2227; x_wconf 74' lang='lat' dir='ltr'>quibustcon-</span> 
     </span>
     <span class='ocr_line' id='line_1_11' title="bbox 535 2251 1626 2343; baseline 0.008 -27"><span class='ocrx_word' id='word_1_86' title='bbox 535 2251 621 2316; x_wconf 85' lang='lat' dir='ltr'>fecta</span> <span class='ocrx_word' id='word_1_87' title='bbox 643 2261 719 2317; x_wconf 87' lang='lat' dir='ltr'>sunt</span> <span class='ocrx_word' id='word_1_88' title='bbox 739 2253 916 2318; x_wconf 88' lang='lat' dir='ltr'>bestiarum</span> <span class='ocrx_word' id='word_1_89' title='bbox 940 2253 1073 2318; x_wconf 82' lang='lat' dir='ltr'>circiter</span> <span class='ocrx_word' id='word_1_90' title='bbox 1093 2259 1159 2318; x_wconf 84' lang='lat' dir='ltr'>tric</span> <span class='ocrx_word' id='word_1_91' title='bbox 1181 2253 1301 2340; x_wconf 83' lang='lat' dir='ltr'>[mill]ia</span> <span class='ocrx_word' id='word_1_92' title='bbox 1324 2263 1357 2320; x_wconf 88' lang='lat' dir='ltr'>et</span> <span class='ocrx_word' id='word_1_93' title='bbox 1377 2257 1580 2343; x_wconf 82' lang='lat' dir='ltr'>quingentae.</span> <span class='ocrx_word' id='word_1_94' title='bbox 1594 2261 1626 2326; x_wconf 82' lang='grc'>11</span> 
     </span>
     <span class='ocr_line' id='line_1_12' title="bbox 338 2365 1338 2452; baseline 0.003 -24"><span class='ocrx_word' id='word_1_95' title='bbox 338 2383 384 2428; x_wconf 76' lang='lat' dir='ltr'>GR.</span> <span class='ocrx_word' id='word_1_96' title='bbox 405 2365 501 2446; x_wconf 55' lang='lat'>1216</span> <span class='ocrx_word' id='word_1_97' title='bbox 537 2388 639 2452; x_wconf 80' lang='grc' dir='ltr'><strong>...ης</strong></span> <span class='ocrx_word' id='word_1_98' title='bbox 661 2365 772 2450; x_wconf 70' lang='grc' dir='ltr'>θηρίων</span> <span class='ocrx_word' id='word_1_99' title='bbox 797 2389 812 2428; x_wconf 85' lang='grc' dir='ltr'>ε</span> <span class='ocrx_word' id='word_1_100' title='bbox 836 2372 842 2435; x_wconf 91' lang='grc' dir='ltr'>Ι</span> <span class='ocrx_word' id='word_1_101' title='bbox 866 2366 1005 2450; x_wconf 79' lang='lat' dir='ltr'>(reliqua</span> <span class='ocrx_word' id='word_1_102' title='bbox 1027 2368 1280 2451; x_wconf 81' lang='lat' dir='ltr'>interciderunt).</span> <span class='ocrx_word' id='word_1_103' title='bbox 1332 2414 1338 2422; x_wconf 78' lang='lat'><strong>·</strong></span> 
     </span>
     <span class='ocr_line' id='line_1_13' title="bbox 293 2475 1650 2562; baseline 0.004 -23"><span class='ocrx_word' id='word_1_104' title='bbox 293 2475 335 2539; x_wconf 87' lang='lat' dir='ltr'>Cl.</span> <span class='ocrx_word' id='word_1_105' title='bbox 359 2477 448 2540; x_wconf 89' lang='lat' dir='ltr'>Suet.</span> <span class='ocrx_word' id='word_1_106' title='bbox 472 2477 553 2559; x_wconf 80' lang='lat' dir='ltr'>Aug.</span> <span class='ocrx_word' id='word_1_107' title='bbox 578 2477 635 2553; x_wconf 83' lang='lat'>43,</span> <span class='ocrx_word' id='word_1_108' title='bbox 661 2477 750 2542; x_wconf 90' lang='lat' dir='ltr'>cuius</span> <span class='ocrx_word' id='word_1_109' title='bbox 775 2477 835 2542; x_wconf 94' lang='lat' dir='ltr'>loci</span> <span class='ocrx_word' id='word_1_110' title='bbox 859 2477 1050 2562; x_wconf 90' lang='lat' dir='ltr'>principium</span> <span class='ocrx_word' id='word_1_111' title='bbox 1072 2477 1248 2544; x_wconf 87' lang='lat' dir='ltr'>intercidit:</span> <span class='ocrx_word' id='word_1_112' title='bbox 1289 2525 1495 2543; x_wconf 91' lang='grc'><strong>..........</strong></span> <span class='ocrx_word' id='word_1_113' title='bbox 1524 2501 1588 2544; x_wconf 81' lang='lat' dir='ltr'>noa</span> <span class='ocrx_word' id='word_1_114' title='bbox 1615 2483 1650 2544; x_wconf 78' lang='lat' dir='ltr'>in</span> 
     </span>
    </p>
   </div>
   <div class='ocr_carea' id='block_1_6' title="bbox 223 2581 1652 4429">
    <p class='ocr_par' dir='ltr' id='par_1_6' title="bbox 223 2581 1652 4429">
     <span class='ocr_line' id='line_1_14' title="bbox 294 2581 1649 2668; baseline 0.004 -26"><span class='ocrx_word' id='word_1_115' title='bbox 294 2581 363 2658; x_wconf 73' lang='lat' dir='ltr'>foro</span> <span class='ocrx_word' id='word_1_116' title='bbox 385 2582 481 2644; x_wconf 85' lang='lat' dir='ltr'>modo</span> <span class='ocrx_word' id='word_1_117' title='bbox 504 2601 561 2642; x_wconf 83' lang='grc'>555</span> <span class='ocrx_word' id='word_1_118' title='bbox 590 2582 623 2642; x_wconf 84' lang='lat' dir='ltr'>in</span> <span class='ocrx_word' id='word_1_119' title='bbox 652 2583 901 2662; x_wconf 73' lang='lat' dir='ltr'>amphitheatro,</span> <span class='ocrx_word' id='word_1_120' title='bbox 930 2583 988 2645; x_wconf 84' lang='lat' dir='ltr'>sed</span> <span class='ocrx_word' id='word_1_121' title='bbox 1015 2591 1044 2644; x_wconf 83' lang='grc'>51</span> <span class='ocrx_word' id='word_1_122' title='bbox 1071 2585 1106 2646; x_wconf 82' lang='lat' dir='ltr'>in</span> <span class='ocrx_word' id='word_1_123' title='bbox 1136 2586 1222 2647; x_wconf 82' lang='lat' dir='ltr'>circo</span> <span class='ocrx_word' id='word_1_124' title='bbox 1250 2593 1280 2646; x_wconf 86' lang='lat' dir='ltr'>et</span> <span class='ocrx_word' id='word_1_125' title='bbox 1309 2586 1341 2645; x_wconf 82' lang='lat' dir='ltr'>in</span> <span class='ocrx_word' id='word_1_126' title='bbox 1364 2587 1504 2668; x_wconf 75' lang='lat' dir='ltr'>saeptis,</span> <span class='ocrx_word' id='word_1_127' title='bbox 1535 2587 1649 2647; x_wconf 85' lang='grc'><strong>51571-</strong></span> 
     </span>
     <span class='ocr_line' id='line_1_15' title="bbox 295 2685 1649 2771; baseline 0.004 -26"><span class='ocrx_word' id='word_1_128' title='bbox 295 2686 415 2764; x_wconf 79' lang='lat' dir='ltr'>quando</span> <span class='ocrx_word' id='word_1_129' title='bbox 441 2685 523 2746; x_wconf 81' lang='lat' dir='ltr'>nibil</span> <span class='ocrx_word' id='word_1_130' title='bbox 542 2694 673 2765; x_wconf 79' lang='lat' dir='ltr'>preater</span> <span class='ocrx_word' id='word_1_131' title='bbox 694 2689 890 2748; x_wconf 82' lang='lat' dir='ltr'>venationem</span> <span class='ocrx_word' id='word_1_132' title='bbox 914 2687 1030 2762; x_wconf 77' lang='lat' dir='ltr'>edidit,</span> <span class='ocrx_word' id='word_1_133' title='bbox 1060 2686 1117 2750; x_wconf 92' lang='lat' dir='ltr'>ubi</span> <span class='ocrx_word' id='word_1_134' title='bbox 1142 2691 1252 2771; x_wconf 91' lang='lat' dir='ltr'>saepta</span> <span class='ocrx_word' id='word_1_135' title='bbox 1278 2685 1438 2770; x_wconf 87' lang='lat' dir='ltr'>pertinent</span> <span class='ocrx_word' id='word_1_136' title='bbox 1464 2687 1503 2751; x_wconf 89' lang='lat' dir='ltr'>ad</span> <span class='ocrx_word' id='word_1_137' title='bbox 1532 2708 1649 2752; x_wconf 90' lang='lat' dir='ltr'>munus</span> 
     </span>
     <span class='ocr_line' id='line_1_16' title="bbox 293 2785 1649 2873; baseline 0.004 -24"><span class='ocrx_word' id='word_1_138' title='bbox 293 2785 513 2868; x_wconf 83' lang='lat' dir='ltr'>gladiatorium</span> <span class='ocrx_word' id='word_1_139' title='bbox 537 2807 563 2850; x_wconf 88' lang='lat' dir='ltr'>a.</span> <span class='ocrx_word' id='word_1_140' title='bbox 582 2787 645 2850; x_wconf 79' lang='lat'>752</span> <span class='ocrx_word' id='word_1_141' title='bbox 670 2787 753 2872; x_wconf 87' lang='lat' dir='ltr'>(Dio</span> <span class='ocrx_word' id='word_1_142' title='bbox 777 2789 828 2864; x_wconf 94' lang='grc'>55,</span> <span class='ocrx_word' id='word_1_143' title='bbox 847 2789 919 2870; x_wconf 91' lang='grc'><strong>10).</strong></span> <span class='ocrx_word' id='word_1_144' title='bbox 968 2788 1018 2851; x_wconf 82' lang='grc'>115</span> <span class='ocrx_word' id='word_1_145' title='bbox 1041 2807 1068 2851; x_wconf 89' lang='grc'>5.</span> <span class='ocrx_word' id='word_1_146' title='bbox 1086 2791 1146 2852; x_wconf 90' lang='grc'>741</span> <span class='ocrx_word' id='word_1_147' title='bbox 1176 2788 1225 2852; x_wconf 90' lang='lat' dir='ltr'>vel</span> <span class='ocrx_word' id='word_1_148' title='bbox 1248 2789 1353 2873; x_wconf 92' lang='lat' dir='ltr'>potius</span> <span class='ocrx_word' id='word_1_149' title='bbox 1377 2791 1441 2854; x_wconf 88' lang='grc'>743</span> <span class='ocrx_word' id='word_1_150' title='bbox 1462 2791 1497 2854; x_wconf 93' lang='lat' dir='ltr'>in</span> <span class='ocrx_word' id='word_1_151' title='bbox 1525 2790 1649 2855; x_wconf 87' lang='lat' dir='ltr'>dedica-</span> 
     </span>
     <span class='ocr_line' id='line_1_17' title="bbox 293 2889 1647 2976; baseline 0.004 -23"><span class='ocrx_word' id='word_1_152' title='bbox 293 2889 372 2954; x_wconf 85' lang='lat' dir='ltr'>tione</span> <span class='ocrx_word' id='word_1_153' title='bbox 395 2890 514 2956; x_wconf 86' lang='lat' dir='ltr'>theatri</span> <span class='ocrx_word' id='word_1_154' title='bbox 538 2889 678 2954; x_wconf 87' lang='lat' dir='ltr'>Marcelli</span> <span class='ocrx_word' id='word_1_155' title='bbox 700 2889 882 2954; x_wconf 88' lang='lat' dir='ltr'>interleotae</span> <span class='ocrx_word' id='word_1_156' title='bbox 911 2896 985 2954; x_wconf 92' lang='lat' dir='ltr'>sunt</span> <span class='ocrx_word' id='word_1_157' title='bbox 1007 2891 1128 2954; x_wconf 90' lang='lat' dir='ltr'>bestiae</span> <span class='ocrx_word' id='word_1_158' title='bbox 1151 2893 1319 2956; x_wconf 84' lang='lat' dir='ltr'>Africanae</span> <span class='ocrx_word' id='word_1_159' title='bbox 1342 2912 1386 2960; x_wconf 88' lang='lat' dir='ltr'>nc</span> <span class='ocrx_word' id='word_1_160' title='bbox 1416 2894 1490 2976; x_wconf 92' lang='lat' dir='ltr'>(Dio</span> <span class='ocrx_word' id='word_1_161' title='bbox 1515 2896 1567 2972; x_wconf 93' lang='grc'>54,</span> <span class='ocrx_word' id='word_1_162' title='bbox 1581 2896 1647 2976; x_wconf 82' lang='lat'><strong>26),</strong></span> 
     </span>
     <span class='ocr_line' id='line_1_18' title="bbox 294 2994 1648 3080; baseline 0.001 -22"><span class='ocrx_word' id='word_1_163' title='bbox 294 2996 463 3080; x_wconf 90' lang='lat' dir='ltr'>eodemque</span> <span class='ocrx_word' id='word_1_164' title='bbox 487 3005 626 3080; x_wconf 89' lang='lat' dir='ltr'>tempore</span> <span class='ocrx_word' id='word_1_165' title='bbox 649 2995 752 3080; x_wconf 88' lang='lat' dir='ltr'>prima</span> <span class='ocrx_word' id='word_1_166' title='bbox 774 2994 865 3077; x_wconf 83' lang='lat' dir='ltr'>tigris</span> <span class='ocrx_word' id='word_1_167' title='bbox 889 3005 1016 3059; x_wconf 90' lang='lat' dir='ltr'>ostensa</span> <span class='ocrx_word' id='word_1_168' title='bbox 1039 2995 1137 3079; x_wconf 90' lang='lat' dir='ltr'>(Plin.</span> <span class='ocrx_word' id='word_1_169' title='bbox 1150 2996 1181 3058; x_wconf 92' lang='lat' dir='ltr'>b.</span> <span class='ocrx_word' id='word_1_170' title='bbox 1194 3017 1226 3059; x_wconf 90' lang='lat' dir='ltr'>n.</span> <span class='ocrx_word' id='word_1_171' title='bbox 1246 2998 1277 3077; x_wconf 89' lang='lat'>8,</span> <span class='ocrx_word' id='word_1_172' title='bbox 1292 2999 1342 3073; x_wconf 96' lang='grc'>17,</span> <span class='ocrx_word' id='word_1_173' title='bbox 1357 2996 1424 3079; x_wconf 92' lang='grc'><strong>65),</strong></span> <span class='ocrx_word' id='word_1_174' title='bbox 1448 2996 1648 3060; x_wconf 72' lang='grc'><strong>1151115752</strong></span> 
     </span>
     <span class='ocr_line' id='line_1_19' title="bbox 293 3098 1649 3185; baseline 0.001 -22"><span class='ocrx_word' id='word_1_175' title='bbox 293 3108 415 3185; x_wconf 88' lang='lat' dir='ltr'>propter</span> <span class='ocrx_word' id='word_1_176' title='bbox 440 3100 550 3165; x_wconf 88' lang='lat' dir='ltr'>Martis</span> <span class='ocrx_word' id='word_1_177' title='bbox 574 3099 661 3164; x_wconf 88' lang='lat' dir='ltr'>aedis</span> <span class='ocrx_word' id='word_1_178' title='bbox 685 3098 916 3164; x_wconf 88' lang='lat' dir='ltr'>dedicationem</span> <span class='ocrx_word' id='word_1_179' title='bbox 946 3099 1049 3163; x_wconf 89' lang='lat' dir='ltr'>necati</span> <span class='ocrx_word' id='word_1_180' title='bbox 1073 3098 1179 3164; x_wconf 89' lang='lat' dir='ltr'>leones</span> <span class='ocrx_word' id='word_1_181' title='bbox 1203 3118 1289 3167; x_wconf 73' lang='lat' dir='ltr'>cccx</span> <span class='ocrx_word' id='word_1_182' title='bbox 1313 3098 1393 3183; x_wconf 91' lang='lat' dir='ltr'>(Dio</span> <span class='ocrx_word' id='word_1_183' title='bbox 1417 3101 1565 3184; x_wconf 89' lang='grc'><strong>55,10),</strong></span> <span class='ocrx_word' id='word_1_184' title='bbox 1597 3100 1649 3165; x_wconf 88' lang='lat' dir='ltr'>de·</span> 
     </span>
     <span class='ocr_line' id='line_1_20' title="bbox 293 3202 1648 3288; baseline 0.001 -22"><span class='ocrx_word' id='word_1_185' title='bbox 293 3204 383 3288; x_wconf 89' lang='lat' dir='ltr'>nique</span> <span class='ocrx_word' id='word_1_186' title='bbox 408 3226 439 3269; x_wconf 89' lang='lat' dir='ltr'>a.</span> <span class='ocrx_word' id='word_1_187' title='bbox 456 3206 519 3268; x_wconf 92' lang='grc'>765</span> <span class='ocrx_word' id='word_1_188' title='bbox 543 3203 636 3268; x_wconf 92' lang='lat' dir='ltr'>ludos</span> <span class='ocrx_word' id='word_1_189' title='bbox 660 3203 771 3268; x_wconf 88' lang='lat' dir='ltr'>edente</span> <span class='ocrx_word' id='word_1_190' title='bbox 795 3203 981 3268; x_wconf 83' lang='lat' dir='ltr'>Germanico</span> <span class='ocrx_word' id='word_1_191' title='bbox 1003 3202 1111 3268; x_wconf 88' lang='lat' dir='ltr'>leones</span> <span class='ocrx_word' id='word_1_192' title='bbox 1135 3222 1175 3271; x_wconf 87' lang='lat' dir='ltr'>cc</span> <span class='ocrx_word' id='word_1_193' title='bbox 1200 3204 1282 3287; x_wconf 90' lang='lat' dir='ltr'>(Dio</span> <span class='ocrx_word' id='word_1_194' title='bbox 1306 3204 1358 3280; x_wconf 89' lang='grc'>56,</span> <span class='ocrx_word' id='word_1_195' title='bbox 1375 3204 1447 3287; x_wconf 76' lang='grc'><strong>27).</strong></span> <span class='ocrx_word' id='word_1_196' title='bbox 1495 3203 1648 3280; x_wconf 82' lang='lat' dir='ltr'>Quadrin-</span> 
     </span>
     <span class='ocr_line' id='line_1_21' title="bbox 295 3306 1648 3392; baseline -0.002 -19"><span class='ocrx_word' id='word_1_197' title='bbox 295 3316 397 3390; x_wconf 84' lang='lat' dir='ltr'>gentas</span> <span class='ocrx_word' id='word_1_198' title='bbox 423 3307 538 3390; x_wconf 85' lang='lat' dir='ltr'>viginti</span> <span class='ocrx_word' id='word_1_199' title='bbox 561 3310 642 3372; x_wconf 86' lang='lat' dir='ltr'>laras</span> <span class='ocrx_word' id='word_1_200' title='bbox 666 3308 831 3371; x_wconf 86' lang='lat' dir='ltr'>Africanas</span> <span class='ocrx_word' id='word_1_201' title='bbox 855 3311 1036 3391; x_wconf 84' lang='lat' dir='ltr'>Augustum</span> <span class='ocrx_word' id='word_1_202' title='bbox 1059 3309 1260 3392; x_wconf 90' lang='lat' dir='ltr'>proposuisse</span> <span class='ocrx_word' id='word_1_203' title='bbox 1289 3308 1401 3372; x_wconf 87' lang='lat' dir='ltr'>scribit</span> <span class='ocrx_word' id='word_1_204' title='bbox 1421 3306 1545 3370; x_wconf 91' lang='lat' dir='ltr'>Plinius</span> <span class='ocrx_word' id='word_1_205' title='bbox 1569 3306 1648 3370; x_wconf 84' lang='lat' dir='ltr'>bn.</span> 
     </span>
     <span class='ocr_line' id='line_1_22' title="bbox 294 3411 1650 3497; baseline 0.001 -22"><span class='ocrx_word' id='word_1_206' title='bbox 294 3412 320 3488; x_wconf 89' lang='lat'>8,</span> <span class='ocrx_word' id='word_1_207' title='bbox 337 3416 384 3489; x_wconf 90' lang='grc'>17,</span> <span class='ocrx_word' id='word_1_208' title='bbox 400 3414 446 3477; x_wconf 89' lang='grc'>64</span> <span class='ocrx_word' id='word_1_209' title='bbox 470 3431 553 3475; x_wconf 89' lang='lat' dir='ltr'>anno</span> <span class='ocrx_word' id='word_1_210' title='bbox 578 3432 639 3475; x_wconf 95' lang='lat' dir='ltr'>non</span> <span class='ocrx_word' id='word_1_211' title='bbox 663 3412 779 3476; x_wconf 89' lang='lat' dir='ltr'>addito.</span> <span class='ocrx_word' id='word_1_212' title='bbox 797 3450 839 3458; x_wconf 91' lang='lat'>—</span> <span class='ocrx_word' id='word_1_213' title='bbox 865 3415 1105 3493; x_wconf 74' lang='lat' dir='ltr'>Amphitheatro</span> <span class='ocrx_word' id='word_1_214' title='bbox 1122 3419 1228 3477; x_wconf 85' lang='lat' dir='ltr'>autem</span> <span class='ocrx_word' id='word_1_215' title='bbox 1243 3433 1299 3476; x_wconf 92' lang='lat' dir='ltr'>cur</span> <span class='ocrx_word' id='word_1_216' title='bbox 1314 3411 1395 3476; x_wconf 85' lang='lat' dir='ltr'>dixit</span> <span class='ocrx_word' id='word_1_217' title='bbox 1410 3416 1572 3495; x_wconf 82' lang='lat' dir='ltr'>Angustus</span> <span class='ocrx_word' id='word_1_218' title='bbox 1593 3430 1650 3497; x_wconf 91' lang='lat' dir='ltr'>pro</span> 
     </span>
     <span class='ocr_line' id='line_1_23' title="bbox 296 3512 1650 3600; baseline -0.001 -21"><span class='ocrx_word' id='word_1_219' title='bbox 296 3512 545 3600; x_wconf 84' lang='lat' dir='ltr'>amphitheatro?</span> <span class='ocrx_word' id='word_1_220' title='bbox 568 3522 651 3579; x_wconf 89' lang='lat' dir='ltr'>certe</span> <span class='ocrx_word' id='word_1_221' title='bbox 675 3536 737 3579; x_wconf 96' lang='lat' dir='ltr'>non</span> <span class='ocrx_word' id='word_1_222' title='bbox 761 3516 820 3578; x_wconf 93' lang='lat' dir='ltr'>hoc</span> <span class='ocrx_word' id='word_1_223' title='bbox 843 3515 1019 3597; x_wconf 82' lang='lat' dir='ltr'>significare</span> <span class='ocrx_word' id='word_1_224' title='bbox 1044 3515 1145 3579; x_wconf 89' lang='lat' dir='ltr'>voluit</span> <span class='ocrx_word' id='word_1_225' title='bbox 1168 3515 1259 3579; x_wconf 91' lang='lat' dir='ltr'>ludos</span> <span class='ocrx_word' id='word_1_226' title='bbox 1284 3536 1316 3579; x_wconf 90' lang='lat' dir='ltr'>se</span> <span class='ocrx_word' id='word_1_227' title='bbox 1340 3514 1478 3579; x_wconf 89' lang='lat' dir='ltr'>edidisse</span> <span class='ocrx_word' id='word_1_228' title='bbox 1502 3516 1535 3579; x_wconf 93' lang='lat' dir='ltr'>in</span> <span class='ocrx_word' id='word_1_229' title='bbox 1553 3514 1650 3599; x_wconf 88' lang='lat' dir='ltr'>pluri·</span> 
     </span>
     <span class='ocr_line' id='line_1_24' title="bbox 295 3616 1651 3705; baseline -0.001 -22"><span class='ocrx_word' id='word_1_230' title='bbox 295 3619 348 3685; x_wconf 93' lang='lat' dir='ltr'>bus</span> <span class='ocrx_word' id='word_1_231' title='bbox 371 3618 633 3705; x_wconf 86' lang='lat' dir='ltr'>amphitheatris;</span> <span class='ocrx_word' id='word_1_232' title='bbox 665 3639 738 3683; x_wconf 88' lang='lat' dir='ltr'>nam</span> <span class='ocrx_word' id='word_1_233' title='bbox 768 3619 828 3682; x_wconf 91' lang='lat' dir='ltr'>etsi</span> <span class='ocrx_word' id='word_1_234' title='bbox 852 3616 962 3682; x_wconf 89' lang='lat' dir='ltr'>demus</span> <span class='ocrx_word' id='word_1_235' title='bbox 986 3624 1109 3703; x_wconf 87' lang='lat' dir='ltr'>praeter</span> <span class='ocrx_word' id='word_1_236' title='bbox 1132 3618 1296 3703; x_wconf 89' lang='lat' dir='ltr'>lapideum</span> <span class='ocrx_word' id='word_1_237' title='bbox 1318 3618 1415 3682; x_wconf 82' lang='lat' dir='ltr'>Tauri</span> <span class='ocrx_word' id='word_1_238' title='bbox 1442 3618 1514 3683; x_wconf 87' lang='lat' dir='ltr'>aliis</span> <span class='ocrx_word' id='word_1_239' title='bbox 1536 3618 1651 3701; x_wconf 86' lang='lat' dir='ltr'>ligneis</span> 
     </span>
     <span class='ocr_line' id='line_1_25' title="bbox 296 3722 1649 3809; baseline -0.001 -23"><span class='ocrx_word' id='word_1_240' title='bbox 296 3724 330 3787; x_wconf 90' lang='lat' dir='ltr'>ad</span> <span class='ocrx_word' id='word_1_241' title='bbox 351 3732 482 3809; x_wconf 91' lang='lat' dir='ltr'>tempus</span> <span class='ocrx_word' id='word_1_242' title='bbox 505 3723 595 3787; x_wconf 86' lang='lat' dir='ltr'>laetis</span> <span class='ocrx_word' id='word_1_243' title='bbox 620 3745 693 3788; x_wconf 91' lang='lat' dir='ltr'>enm</span> <span class='ocrx_word' id='word_1_244' title='bbox 716 3744 810 3786; x_wconf 89' lang='lat' dir='ltr'>nsum</span> <span class='ocrx_word' id='word_1_245' title='bbox 833 3742 912 3799; x_wconf 96' lang='grc'><strong>5555,</strong></span> <span class='ocrx_word' id='word_1_246' title='bbox 937 3722 1048 3785; x_wconf 88' lang='lat' dir='ltr'>debuit</span> <span class='ocrx_word' id='word_1_247' title='bbox 1071 3722 1116 3786; x_wconf 94' lang='lat' dir='ltr'>ita</span> <span class='ocrx_word' id='word_1_248' title='bbox 1140 3722 1235 3786; x_wconf 90' lang='lat' dir='ltr'>etiam</span> <span class='ocrx_word' id='word_1_249' title='bbox 1259 3723 1356 3786; x_wconf 90' lang='lat' dir='ltr'>circos</span> <span class='ocrx_word' id='word_1_250' title='bbox 1380 3729 1412 3786; x_wconf 93' lang='grc'>51</span> <span class='ocrx_word' id='word_1_251' title='bbox 1434 3723 1501 3787; x_wconf 86' lang='lat' dir='ltr'>fora</span> <span class='ocrx_word' id='word_1_252' title='bbox 1522 3742 1649 3807; x_wconf 86' lang='lat' dir='ltr'>ponere,</span> 
     </span>
     <span class='ocr_line' id='line_1_26' title="bbox 295 3824 1650 3910; baseline -0.002 -19"><span class='ocrx_word' id='word_1_253' title='bbox 295 3848 351 3893; x_wconf 92' lang='lat' dir='ltr'>non</span> <span class='ocrx_word' id='word_1_254' title='bbox 375 3829 496 3893; x_wconf 91' lang='lat' dir='ltr'>circum</span> <span class='ocrx_word' id='word_1_255' title='bbox 521 3828 703 3910; x_wconf 86' lang='lat' dir='ltr'>lorumque,</span> <span class='ocrx_word' id='word_1_256' title='bbox 734 3846 807 3890; x_wconf 91' lang='lat' dir='ltr'>curn</span> <span class='ocrx_word' id='word_1_257' title='bbox 829 3825 1017 3909; x_wconf 89' lang='lat' dir='ltr'>praesertim</span> <span class='ocrx_word' id='word_1_258' title='bbox 1039 3826 1132 3889; x_wconf 88' lang='lat' dir='ltr'>ludos</span> <span class='ocrx_word' id='word_1_259' title='bbox 1156 3824 1291 3890; x_wconf 90' lang='lat' dir='ltr'>ediderit</span> <span class='ocrx_word' id='word_1_260' title='bbox 1313 3826 1382 3889; x_wconf 89' lang='lat' dir='ltr'>sine</span> <span class='ocrx_word' id='word_1_261' title='bbox 1405 3825 1502 3889; x_wconf 89' lang='lat' dir='ltr'>dnbio</span> <span class='ocrx_word' id='word_1_262' title='bbox 1523 3825 1558 3889; x_wconf 93' lang='lat' dir='ltr'>in</span> <span class='ocrx_word' id='word_1_263' title='bbox 1580 3824 1650 3909; x_wconf 92' lang='lat' dir='ltr'>plu-</span> 
     </span>
     <span class='ocr_line' id='line_1_27' title="bbox 295 3928 1649 4016; baseline 0 -24"><span class='ocrx_word' id='word_1_264' title='bbox 295 3932 377 3997; x_wconf 86' lang='lat' dir='ltr'>ribus</span> <span class='ocrx_word' id='word_1_265' title='bbox 411 3931 503 3995; x_wconf 89' lang='lat' dir='ltr'>circis</span> <span class='ocrx_word' id='word_1_266' title='bbox 532 3932 744 4016; x_wconf 88' lang='lat' dir='ltr'>pluribusque</span> <span class='ocrx_word' id='word_1_267' title='bbox 775 3931 860 3994; x_wconf 87' lang='lat' dir='ltr'>foris.</span> <span class='ocrx_word' id='word_1_268' title='bbox 918 3929 1074 4012; x_wconf 87' lang='lat' dir='ltr'>Equidem</span> <span class='ocrx_word' id='word_1_269' title='bbox 1103 3930 1205 4012; x_wconf 81' lang='lat' dir='ltr'>magis</span> <span class='ocrx_word' id='word_1_270' title='bbox 1234 3929 1420 3993; x_wconf 87' lang='lat' dir='ltr'>crediderim</span> <span class='ocrx_word' id='word_1_271' title='bbox 1447 3928 1649 4006; x_wconf 83' lang='lat' dir='ltr'>vocabulum,</span> 
     </span>
     <span class='ocr_line' id='line_1_28' title="bbox 296 4032 1651 4121; baseline -0.004 -22"><span class='ocrx_word' id='word_1_272' title='bbox 296 4037 372 4117; x_wconf 91' lang='lat' dir='ltr'>quod</span> <span class='ocrx_word' id='word_1_273' title='bbox 397 4037 453 4101; x_wconf 93' lang='lat' dir='ltr'>hic</span> <span class='ocrx_word' id='word_1_274' title='bbox 475 4037 614 4121; x_wconf 91' lang='lat' dir='ltr'>primum</span> <span class='ocrx_word' id='word_1_275' title='bbox 637 4036 747 4120; x_wconf 91' lang='lat' dir='ltr'>opinor</span> <span class='ocrx_word' id='word_1_276' title='bbox 769 4033 930 4098; x_wconf 84' lang='lat' dir='ltr'>invenitur</span> <span class='ocrx_word' id='word_1_277' title='bbox 959 4052 1017 4097; x_wconf 90' lang='lat' dir='ltr'>nec</span> <span class='ocrx_word' id='word_1_278' title='bbox 1045 4053 1119 4096; x_wconf 90' lang='lat' dir='ltr'>vere</span> <span class='ocrx_word' id='word_1_279' title='bbox 1142 4033 1296 4096; x_wconf 85' lang='lat' dir='ltr'>Graecum</span> <span class='ocrx_word' id='word_1_280' title='bbox 1324 4039 1386 4108; x_wconf 91' lang='lat' dir='ltr'>est,</span> <span class='ocrx_word' id='word_1_281' title='bbox 1415 4032 1507 4097; x_wconf 87' lang='lat' dir='ltr'>initio</span> <span class='ocrx_word' id='word_1_282' title='bbox 1533 4032 1651 4117; x_wconf 83' lang='lat' dir='ltr'>plurali</span> 
     </span>
     <span class='ocr_line' id='line_1_29' title="bbox 223 4136 1652 4223; baseline -0.002 -22"><span class='ocrx_word' id='word_1_283' title='bbox 223 4164 225 4173; x_wconf 62' lang='grc'>’</span> <span class='ocrx_word' id='word_1_284' title='bbox 297 4159 425 4205; x_wconf 89' lang='lat' dir='ltr'>numero</span> <span class='ocrx_word' id='word_1_285' title='bbox 450 4140 516 4204; x_wconf 92' lang='lat' dir='ltr'>solo</span> <span class='ocrx_word' id='word_1_286' title='bbox 539 4145 727 4223; x_wconf 89' lang='lat' dir='ltr'>usurpatum</span> <span class='ocrx_word' id='word_1_287' title='bbox 750 4159 833 4214; x_wconf 89' lang='lat' dir='ltr'>esse,</span> <span class='ocrx_word' id='word_1_288' title='bbox 863 4158 936 4201; x_wconf 90' lang='lat' dir='ltr'>cnm</span> <span class='ocrx_word' id='word_1_289' title='bbox 963 4144 1069 4200; x_wconf 88' lang='lat' dir='ltr'>essent</span> <span class='ocrx_word' id='word_1_290' title='bbox 1094 4136 1327 4221; x_wconf 87' lang='lat' dir='ltr'>amphitheatra</span> <span class='ocrx_word' id='word_1_291' title='bbox 1352 4141 1505 4219; x_wconf 89' lang='lat' dir='ltr'>tanquam</span> <span class='ocrx_word' id='word_1_292' title='bbox 1527 4136 1652 4200; x_wconf 86' lang='lat' dir='ltr'>theatra</span> 
     </span>
     <span class='ocr_line' id='line_1_30' title="bbox 297 4239 1651 4325; baseline -0.002 -20"><span class='ocrx_word' id='word_1_293' title='bbox 297 4241 362 4307; x_wconf 91' lang='lat' dir='ltr'>duo.</span> <span class='ocrx_word' id='word_1_294' title='bbox 405 4242 560 4307; x_wconf 88' lang='lat' dir='ltr'>Similiter</span> <span class='ocrx_word' id='word_1_295' title='bbox 583 4246 676 4325; x_wconf 80' lang='lat' dir='ltr'>bipes</span> <span class='ocrx_word' id='word_1_296' title='bbox 701 4249 733 4307; x_wconf 91' lang='lat' dir='ltr'>et</span> <span class='ocrx_word' id='word_1_297' title='bbox 755 4244 932 4324; x_wconf 75' lang='lat' dir='ltr'>quadripes</span> <span class='ocrx_word' id='word_1_298' title='bbox 956 4239 1105 4304; x_wconf 84' lang='lat' dir='ltr'>dixerunt</span> <span class='ocrx_word' id='word_1_299' title='bbox 1127 4240 1321 4323; x_wconf 87' lang='lat' dir='ltr'>antiquiores</span> <span class='ocrx_word' id='word_1_300' title='bbox 1344 4261 1401 4306; x_wconf 91' lang='lat' dir='ltr'>nec</span> <span class='ocrx_word' id='word_1_301' title='bbox 1425 4242 1501 4322; x_wconf 77' lang='grc'><strong>5195</strong></span> <span class='ocrx_word' id='word_1_302' title='bbox 1523 4247 1554 4304; x_wconf 87' lang='grc'>51</span> <span class='ocrx_word' id='word_1_303' title='bbox 1574 4260 1651 4322; x_wconf 84' lang='lat' dir='ltr'>qua·</span> 
     </span>
     <span class='ocr_line' id='line_1_31' title="bbox 298 4344 1233 4429; baseline -0.001 -21"><span class='ocrx_word' id='word_1_304' title='bbox 298 4348 387 4429; x_wconf 70' lang='grc'><strong>65195</strong></span> <span class='ocrx_word' id='word_1_305' title='bbox 412 4347 550 4412; x_wconf 88' lang='lat' dir='ltr'>invaluit</span> <span class='ocrx_word' id='word_1_306' title='bbox 572 4346 635 4410; x_wconf 92' lang='lat' dir='ltr'>nisi</span> <span class='ocrx_word' id='word_1_307' title='bbox 659 4352 760 4409; x_wconf 87' lang='lat' dir='ltr'>aetate</span> <span class='ocrx_word' id='word_1_308' title='bbox 783 4345 910 4409; x_wconf 88' lang='lat' dir='ltr'>labente</span> <span class='ocrx_word' id='word_1_309' title='bbox 935 4344 1038 4428; x_wconf 87' lang='lat' dir='ltr'>(Varr.</span> <span class='ocrx_word' id='word_1_310' title='bbox 1056 4346 1087 4420; x_wconf 87' lang='lat'>9,</span> <span class='ocrx_word' id='word_1_311' title='bbox 1105 4344 1147 4409; x_wconf 88' lang='lat'>63</span> <span class='ocrx_word' id='word_1_312' title='bbox 1166 4344 1233 4428; x_wconf 87' lang='lat' dir='ltr'>al).</span> 
     </span>
    </p>
   </div>
   <div class='ocr_carea' id='block_1_7' title="bbox 0 0 2213 6164">
    <p class='ocr_par' dir='ltr' id='par_1_7' title="bbox 0 0 2213 6164">
     <span class='ocr_line' id='line_1_32' title="bbox 0 0 2213 6164; baseline 0 0"><span class='ocrx_word' id='word_1_313' title='bbox 0 0 2213 6164; x_wconf 95' lang='lat' dir='ltr'> </span> 
     </span>
    </p>
   </div>
  </div>
 </body>
</html>
