<?xml version="1.0" encoding="UTF-8"?>
<!DOCTYPE html PUBLIC "-//W3C//DTD XHTML 1.0 Transitional//EN"
    "http://www.w3.org/TR/xhtml1/DTD/xhtml1-transitional.dtd">
<html xmlns="http://www.w3.org/1999/xhtml" xml:lang="en" lang="en">
 <head>
  <title>
</title>
<meta http-equiv="Content-Type" content="text/html;charset=utf-8" />
  <meta name='ocr-system' content='tesseract 3.04.00' />
  <meta name='ocr-capabilities' content='ocr_page ocr_carea ocr_par ocr_line ocrx_word'/>
</head>
<body>
  <div class='ocr_page' id='page_1' title='image "./resgestaediviau02augugoog_0031.png"; bbox 0 0 4400 6175; ppageno 0'>
   <div class='ocr_carea' id='block_1_1' title="bbox 303 1920 1679 2590">
    <p class='ocr_par' dir='ltr' id='par_1_1' title="bbox 303 1920 1679 2590">
     <span class='ocr_line' id='line_1_1' title="bbox 322 1920 1676 2072; baseline 0.004 -23"><span class='ocrx_word' id='word_1_1' title='bbox 322 1920 430 2061; x_wconf 75' lang='lat' dir='ltr'>Cum</span> <span class='ocrx_word' id='word_1_2' title='bbox 452 1987 487 2050; x_wconf 93' lang='lat' dir='ltr'>in</span> <span class='ocrx_word' id='word_1_3' title='bbox 512 1987 755 2072; x_wconf 72' lang='lat' dir='ltr'>inscriptionum</span> <span class='ocrx_word' id='word_1_4' title='bbox 777 1987 963 2052; x_wconf 89' lang='lat' dir='ltr'>Latinarum</span> <span class='ocrx_word' id='word_1_5' title='bbox 990 1987 1111 2071; x_wconf 78' lang='lat' dir='ltr'><strong>sylloge</strong></span> <span class='ocrx_word' id='word_1_6' title='bbox 1138 1987 1229 2052; x_wconf 88' lang='lat' dir='ltr'>iussu</span> <span class='ocrx_word' id='word_1_7' title='bbox 1259 1989 1439 2054; x_wconf 73' lang='lat' dir='ltr'>academiae</span> <span class='ocrx_word' id='word_1_8' title='bbox 1462 1990 1676 2056; x_wconf 89' lang='lat' dir='ltr'>Berolinensis</span> 
     </span>
     <span class='ocr_line' id='line_1_2' title="bbox 319 2090 1676 2177; baseline 0.004 -23"><span class='ocrx_word' id='word_1_9' title='bbox 319 2090 461 2174; x_wconf 88' lang='lat' dir='ltr'>paranda</span> <span class='ocrx_word' id='word_1_10' title='bbox 486 2090 526 2154; x_wconf 90' lang='lat' dir='ltr'>ad</span> <span class='ocrx_word' id='word_1_11' title='bbox 553 2090 768 2156; x_wconf 79' lang='lat' dir='ltr'>Asiatiearum</span> <span class='ocrx_word' id='word_1_12' title='bbox 796 2090 1031 2176; x_wconf 88' lang='lat' dir='ltr'>provinciarum</span> <span class='ocrx_word' id='word_1_13' title='bbox 1058 2091 1281 2177; x_wconf 75' lang='lat' dir='ltr'>inscriptiones</span> <span class='ocrx_word' id='word_1_14' title='bbox 1310 2093 1440 2158; x_wconf 88' lang='lat' dir='ltr'>Latinas</span> <span class='ocrx_word' id='word_1_15' title='bbox 1467 2094 1676 2160; x_wconf 85' lang='lat' dir='ltr'>recensendas</span> 
     </span>
     <span class='ocr_line' id='line_1_3' title="bbox 319 2194 1677 2278; baseline 0.004 -21"><span class='ocrx_word' id='word_1_16' title='bbox 319 2194 519 2259; x_wconf 87' lang='lat' dir='ltr'>devenissem</span> <span class='ocrx_word' id='word_1_17' title='bbox 551 2194 751 2278; x_wconf 75' lang='lat' dir='ltr'>indidemque</span> <span class='ocrx_word' id='word_1_18' title='bbox 784 2215 890 2259; x_wconf 92' lang='lat' dir='ltr'>rerum</span> <span class='ocrx_word' id='word_1_19' title='bbox 924 2195 964 2258; x_wconf 94' lang='lat' dir='ltr'>ab</span> <span class='ocrx_word' id='word_1_20' title='bbox 992 2195 1137 2278; x_wconf 79' lang='lat' dir='ltr'>Angusto</span> <span class='ocrx_word' id='word_1_21' title='bbox 1170 2202 1330 2278; x_wconf 84' lang='lat' dir='ltr'>gestarum</span> <span class='ocrx_word' id='word_1_22' title='bbox 1359 2197 1482 2262; x_wconf 90' lang='lat' dir='ltr'>iteratis</span> <span class='ocrx_word' id='word_1_23' title='bbox 1517 2198 1601 2263; x_wconf 91' lang='lat' dir='ltr'>curis</span> <span class='ocrx_word' id='word_1_24' title='bbox 1630 2219 1677 2262; x_wconf 91' lang='lat' dir='ltr'>re-</span> 
     </span>
     <span class='ocr_line' id='line_1_4' title="bbox 303 2297 1677 2381; baseline 0.006 -23"><span class='ocrx_word' id='word_1_25' title='bbox 303 2297 520 2362; x_wconf 84' lang='lat' dir='ltr'>tractandum</span> <span class='ocrx_word' id='word_1_26' title='bbox 541 2298 622 2362; x_wconf 90' lang='lat' dir='ltr'>mihi</span> <span class='ocrx_word' id='word_1_27' title='bbox 643 2319 714 2363; x_wconf 91' lang='lat' dir='ltr'>esse</span> <span class='ocrx_word' id='word_1_28' title='bbox 736 2297 970 2381; x_wconf 77' lang='lat' dir='ltr'>intellegerem,</span> <span class='ocrx_word' id='word_1_29' title='bbox 1002 2299 1109 2364; x_wconf 91' lang='lat' dir='ltr'>allatis</span> <span class='ocrx_word' id='word_1_30' title='bbox 1131 2299 1260 2364; x_wconf 89' lang='lat' dir='ltr'>interim</span> <span class='ocrx_word' id='word_1_31' title='bbox 1285 2300 1435 2366; x_wconf 89' lang='lat' dir='ltr'>beneficio</span> <span class='ocrx_word' id='word_1_32' title='bbox 1458 2301 1579 2367; x_wconf 92' lang='lat' dir='ltr'>Perrcti</span> <span class='ocrx_word' id='word_1_33' title='bbox 1603 2303 1677 2367; x_wconf 90' lang='lat' dir='ltr'>sub-</span> 
     </span>
     <span class='ocr_line' id='line_1_5' title="bbox 319 2399 1678 2488; baseline 0.005 -25"><span class='ocrx_word' id='word_1_34' title='bbox 319 2399 412 2465; x_wconf 90' lang='lat' dir='ltr'>sidiis</span> <span class='ocrx_word' id='word_1_35' title='bbox 441 2400 531 2467; x_wconf 91' lang='lat' dir='ltr'>novis</span> <span class='ocrx_word' id='word_1_36' title='bbox 559 2401 664 2484; x_wconf 90' lang='lat' dir='ltr'>iisque</span> <span class='ocrx_word' id='word_1_37' title='bbox 692 2402 835 2487; x_wconf 90' lang='lat' dir='ltr'>optimis,</span> <span class='ocrx_word' id='word_1_38' title='bbox 867 2402 1033 2466; x_wconf 91' lang='lat' dir='ltr'>emendata</span> <span class='ocrx_word' id='word_1_39' title='bbox 1061 2408 1152 2488; x_wconf 91' lang='lat' dir='ltr'>parte</span> <span class='ocrx_word' id='word_1_40' title='bbox 1174 2403 1303 2479; x_wconf 89' lang='lat' dir='ltr'>Latina,</span> <span class='ocrx_word' id='word_1_41' title='bbox 1334 2403 1453 2470; x_wconf 89' lang='lat' dir='ltr'>Graeca</span> <span class='ocrx_word' id='word_1_42' title='bbox 1479 2425 1553 2470; x_wconf 92' lang='lat' dir='ltr'>vero</span> <span class='ocrx_word' id='word_1_43' title='bbox 1582 2404 1678 2470; x_wconf 90' lang='lat' dir='ltr'>etiam</span> 
     </span>
     <span class='ocr_line' id='line_1_6' title="bbox 319 2505 1679 2590; baseline 0.004 -22"><span class='ocrx_word' id='word_1_44' title='bbox 319 2505 454 2590; x_wconf 82' lang='lat' dir='ltr'>expleta,</span> <span class='ocrx_word' id='word_1_45' title='bbox 477 2506 528 2570; x_wconf 94' lang='lat' dir='ltr'>his</span> <span class='ocrx_word' id='word_1_46' title='bbox 547 2505 594 2570; x_wconf 92' lang='lat' dir='ltr'>ita</span> <span class='ocrx_word' id='word_1_47' title='bbox 616 2506 663 2570; x_wconf 91' lang='lat' dir='ltr'>uti</span> <span class='ocrx_word' id='word_1_48' title='bbox 686 2507 791 2573; x_wconf 91' lang='lat' dir='ltr'>visum</span> <span class='ocrx_word' id='word_1_49' title='bbox 814 2513 872 2589; x_wconf 86' lang='lat' dir='ltr'>oet,</span> <span class='ocrx_word' id='word_1_50' title='bbox 896 2514 932 2571; x_wconf 94' lang='lat' dir='ltr'>ut</span> <span class='ocrx_word' id='word_1_51' title='bbox 953 2506 1069 2571; x_wconf 87' lang='lat' dir='ltr'>indicis</span> <span class='ocrx_word' id='word_1_52' title='bbox 1085 2507 1154 2572; x_wconf 92' lang='lat' dir='ltr'>eius</span> <span class='ocrx_word' id='word_1_53' title='bbox 1171 2507 1267 2572; x_wconf 89' lang='lat' dir='ltr'>editio</span> <span class='ocrx_word' id='word_1_54' title='bbox 1284 2508 1507 2573; x_wconf 91' lang='lat' dir='ltr'>commentario</span> <span class='ocrx_word' id='word_1_55' title='bbox 1523 2508 1679 2573; x_wconf 88' lang='lat' dir='ltr'>instructa</span> 
     </span>
    </p>
   </div>
   <div class='ocr_carea' id='block_1_2' title="bbox 319 2609 1803 2696">
    <p class='ocr_par' dir='ltr' id='par_1_2' title="bbox 319 2609 1803 2696">
     <span class='ocr_line' id='line_1_7' title="bbox 319 2609 1803 2696; baseline 0.003 -25"><span class='ocrx_word' id='word_1_56' title='bbox 319 2609 490 2693; x_wconf 90' lang='lat' dir='ltr'>separatim</span> <span class='ocrx_word' id='word_1_57' title='bbox 512 2609 666 2694; x_wconf 88' lang='lat' dir='ltr'>prodiret,</span> <span class='ocrx_word' id='word_1_58' title='bbox 694 2611 757 2696; x_wconf 92' lang='lat' dir='ltr'>ipsi</span> <span class='ocrx_word' id='word_1_59' title='bbox 786 2610 908 2696; x_wconf 87' lang='lat' dir='ltr'>corpori</span> <span class='ocrx_word' id='word_1_60' title='bbox 930 2616 1036 2675; x_wconf 87' lang='lat' dir='ltr'>textus</span> <span class='ocrx_word' id='word_1_61' title='bbox 1058 2611 1277 2676; x_wconf 91' lang='lat' dir='ltr'>tantummodo</span> <span class='ocrx_word' id='word_1_62' title='bbox 1301 2633 1373 2676; x_wconf 90' lang='lat' dir='ltr'>oum</span> <span class='ocrx_word' id='word_1_63' title='bbox 1396 2612 1596 2677; x_wconf 78' lang='lat' dir='ltr'>adnotatione</span> <span class='ocrx_word' id='word_1_64' title='bbox 1619 2612 1678 2677; x_wconf 93' lang='lat' dir='ltr'>ori·</span> <span class='ocrx_word' id='word_1_65' title='bbox 1800 2670 1803 2676; x_wconf 84' lang='grc'><em>,</em></span> 
     </span>
    </p>
   </div>
   <div class='ocr_carea' id='block_1_3' title="bbox 297 2711 1771 5182">
    <p class='ocr_par' dir='ltr' id='par_1_3' title="bbox 297 2711 1680 3934">
     <span class='ocr_line' id='line_1_8' title="bbox 317 2711 1679 2801; baseline 0.004 -26"><span class='ocrx_word' id='word_1_66' title='bbox 317 2712 383 2775; x_wconf 87' lang='lat' dir='ltr'>tica</span> <span class='ocrx_word' id='word_1_67' title='bbox 404 2712 606 2777; x_wconf 88' lang='lat' dir='ltr'>insereretur.</span> <span class='ocrx_word' id='word_1_68' title='bbox 639 2711 732 2777; x_wconf 85' lang='lat' dir='ltr'>Nam</span> <span class='ocrx_word' id='word_1_69' title='bbox 756 2735 829 2778; x_wconf 92' lang='lat' dir='ltr'>oum</span> <span class='ocrx_word' id='word_1_70' title='bbox 851 2713 959 2799; x_wconf 91' lang='lat' dir='ltr'>ipsum</span> <span class='ocrx_word' id='word_1_71' title='bbox 980 2721 1221 2779; x_wconf 90' lang='lat' dir='ltr'>monumentum</span> <span class='ocrx_word' id='word_1_72' title='bbox 1251 2715 1297 2780; x_wconf 88' lang='lat' dir='ltr'>ita</span> <span class='ocrx_word' id='word_1_73' title='bbox 1319 2722 1536 2801; x_wconf 87' lang='lat' dir='ltr'>comparatum</span> <span class='ocrx_word' id='word_1_74' title='bbox 1559 2716 1613 2793; x_wconf 89' lang='lat' dir='ltr'>sit,</span> <span class='ocrx_word' id='word_1_75' title='bbox 1641 2723 1679 2780; x_wconf 94' lang='lat' dir='ltr'>ut</span> 
     </span>
     <span class='ocr_line' id='line_1_9' title="bbox 317 2815 1678 2901; baseline 0.003 -23"><span class='ocrx_word' id='word_1_76' title='bbox 317 2819 403 2879; x_wconf 88' lang='lat' dir='ltr'>recte</span> <span class='ocrx_word' id='word_1_77' title='bbox 433 2822 465 2880; x_wconf 93' lang='lat' dir='ltr'>et</span> <span class='ocrx_word' id='word_1_78' title='bbox 493 2815 586 2900; x_wconf 94' lang='lat' dir='ltr'>plene</span> <span class='ocrx_word' id='word_1_79' title='bbox 608 2815 663 2879; x_wconf 84' lang='lat' dir='ltr'>vix</span> <span class='ocrx_word' id='word_1_80' title='bbox 693 2815 836 2880; x_wconf 89' lang='lat' dir='ltr'>adhiberi</span> <span class='ocrx_word' id='word_1_81' title='bbox 864 2835 957 2901; x_wconf 85' lang='lat' dir='ltr'>posse</span> <span class='ocrx_word' id='word_1_82' title='bbox 980 2817 1126 2881; x_wconf 90' lang='lat' dir='ltr'>videatur</span> <span class='ocrx_word' id='word_1_83' title='bbox 1148 2817 1212 2882; x_wconf 91' lang='lat' dir='ltr'>nisi</span> <span class='ocrx_word' id='word_1_84' title='bbox 1235 2819 1431 2883; x_wconf 88' lang='lat' dir='ltr'>illustratum</span> <span class='ocrx_word' id='word_1_85' title='bbox 1454 2819 1678 2882; x_wconf 88' lang='lat' dir='ltr'>commentario</span> 
     </span>
     <span class='ocr_line' id='line_1_10' title="bbox 317 2918 1678 3006; baseline 0.003 -24"><span class='ocrx_word' id='word_1_86' title='bbox 317 2926 487 3004; x_wconf 91' lang='lat' dir='ltr'>perpetuo,</span> <span class='ocrx_word' id='word_1_87' title='bbox 518 2918 586 2983; x_wconf 91' lang='lat' dir='ltr'>eius</span> <span class='ocrx_word' id='word_1_88' title='bbox 616 2918 739 3002; x_wconf 81' lang='lat' dir='ltr'>generis</span> <span class='ocrx_word' id='word_1_89' title='bbox 762 2919 922 2983; x_wconf 78' lang='lat' dir='ltr'>adnotatio</span> <span class='ocrx_word' id='word_1_90' title='bbox 945 2921 1083 3005; x_wconf 91' lang='lat' dir='ltr'>eorporis</span> <span class='ocrx_word' id='word_1_91' title='bbox 1108 2920 1191 3004; x_wconf 90' lang='lat' dir='ltr'>quod</span> <span class='ocrx_word' id='word_1_92' title='bbox 1213 2941 1289 3006; x_wconf 90' lang='lat' dir='ltr'>paro</span> <span class='ocrx_word' id='word_1_93' title='bbox 1311 2921 1489 2985; x_wconf 89' lang='lat' dir='ltr'>rationibus</span> <span class='ocrx_word' id='word_1_94' title='bbox 1512 2941 1574 2986; x_wconf 93' lang='lat' dir='ltr'>non</span> <span class='ocrx_word' id='word_1_95' title='bbox 1600 2923 1678 2986; x_wconf 90' lang='lat' dir='ltr'>satis</span> 
     </span>
     <span class='ocr_line' id='line_1_11' title="bbox 318 3022 1679 3107; baseline 0.003 -22"><span class='ocrx_word' id='word_1_96' title='bbox 318 3022 476 3087; x_wconf 88' lang='lat' dir='ltr'>convenit</span> <span class='ocrx_word' id='word_1_97' title='bbox 520 3022 687 3088; x_wconf 88' lang='lat' dir='ltr'>Praeterea</span> <span class='ocrx_word' id='word_1_98' title='bbox 709 3028 811 3100; x_wconf 88' lang='lat' dir='ltr'>erunt,</span> <span class='ocrx_word' id='word_1_99' title='bbox 836 3022 890 3107; x_wconf 92' lang='lat' dir='ltr'>qui</span> <span class='ocrx_word' id='word_1_100' title='bbox 914 3022 1071 3089; x_wconf 90' lang='lat' dir='ltr'>eiusmodi</span> <span class='ocrx_word' id='word_1_101' title='bbox 1092 3030 1333 3089; x_wconf 90' lang='lat' dir='ltr'>monumentum</span> <span class='ocrx_word' id='word_1_102' title='bbox 1356 3023 1395 3088; x_wconf 95' lang='lat' dir='ltr'>ad</span> <span class='ocrx_word' id='word_1_103' title='bbox 1419 3023 1524 3089; x_wconf 83' lang='lat' dir='ltr'>libelli</span> <span class='ocrx_word' id='word_1_104' title='bbox 1544 3024 1679 3091; x_wconf 85' lang='lat' dir='ltr'>formam</span> 
     </span>
     <span class='ocr_line' id='line_1_12' title="bbox 317 3122 1678 3213; baseline 0.003 -24"><span class='ocrx_word' id='word_1_105' title='bbox 317 3145 416 3211; x_wconf 90' lang='lat' dir='ltr'>prope</span> <span class='ocrx_word' id='word_1_106' title='bbox 445 3126 596 3192; x_wconf 86' lang='lat' dir='ltr'>accedens</span> <span class='ocrx_word' id='word_1_107' title='bbox 626 3132 745 3190; x_wconf 88' lang='lat' dir='ltr'>ettam</span> <span class='ocrx_word' id='word_1_108' title='bbox 773 3122 933 3211; x_wconf 81' lang='lat' dir='ltr'>philologo</span> <span class='ocrx_word' id='word_1_109' title='bbox 963 3147 1059 3209; x_wconf 91' lang='lat' dir='ltr'>quam</span> <span class='ocrx_word' id='word_1_110' title='bbox 1086 3127 1236 3192; x_wconf 91' lang='lat' dir='ltr'>historico</span> <span class='ocrx_word' id='word_1_111' title='bbox 1265 3126 1474 3192; x_wconf 88' lang='lat' dir='ltr'>utilissimum</span> <span class='ocrx_word' id='word_1_112' title='bbox 1497 3148 1678 3213; x_wconf 90' lang='lat' dir='ltr'>comparare</span> 
     </span>
     <span class='ocr_line' id='line_1_13' title="bbox 318 3228 1677 3317; baseline 0.001 -24"><span class='ocrx_word' id='word_1_113' title='bbox 318 3228 383 3293; x_wconf 91' lang='lat' dir='ltr'>sibi</span> <span class='ocrx_word' id='word_1_114' title='bbox 404 3228 514 3307; x_wconf 91' lang='lat' dir='ltr'>velint,</span> <span class='ocrx_word' id='word_1_115' title='bbox 544 3250 618 3294; x_wconf 90' lang='lat' dir='ltr'>oum</span> <span class='ocrx_word' id='word_1_116' title='bbox 638 3234 801 3314; x_wconf 90' lang='lat' dir='ltr'>praeterea</span> <span class='ocrx_word' id='word_1_117' title='bbox 823 3249 886 3294; x_wconf 91' lang='lat' dir='ltr'>non</span> <span class='ocrx_word' id='word_1_118' title='bbox 909 3230 1073 3313; x_wconf 87' lang='lat' dir='ltr'>inquirant</span> <span class='ocrx_word' id='word_1_119' title='bbox 1095 3229 1170 3294; x_wconf 90' lang='lat' dir='ltr'>data</span> <span class='ocrx_word' id='word_1_120' title='bbox 1193 3250 1288 3315; x_wconf 91' lang='lat' dir='ltr'>opera</span> <span class='ocrx_word' id='word_1_121' title='bbox 1317 3231 1351 3295; x_wconf 93' lang='lat' dir='ltr'>in</span> <span class='ocrx_word' id='word_1_122' title='bbox 1374 3231 1596 3317; x_wconf 85' lang='lat' dir='ltr'>inscriptiones</span> <span class='ocrx_word' id='word_1_123' title='bbox 1620 3232 1677 3295; x_wconf 83' lang='lat' dir='ltr'>La-</span> 
     </span>
     <span class='ocr_line' id='line_1_14' title="bbox 316 3332 1680 3417; baseline 0.002 -21"><span class='ocrx_word' id='word_1_124' title='bbox 316 3332 413 3397; x_wconf 89' lang='lat' dir='ltr'>tinas.</span> <span class='ocrx_word' id='word_1_125' title='bbox 460 3332 583 3397; x_wconf 83' lang='lat' dir='ltr'>Similis</span> <span class='ocrx_word' id='word_1_126' title='bbox 606 3339 712 3397; x_wconf 92' lang='lat' dir='ltr'>autem</span> <span class='ocrx_word' id='word_1_127' title='bbox 735 3332 848 3408; x_wconf 89' lang='lat' dir='ltr'>editio,</span> <span class='ocrx_word' id='word_1_128' title='bbox 879 3353 975 3416; x_wconf 90' lang='lat' dir='ltr'>quam</span> <span class='ocrx_word' id='word_1_129' title='bbox 1004 3341 1077 3398; x_wconf 91' lang='lat' dir='ltr'>ante</span> <span class='ocrx_word' id='word_1_130' title='bbox 1100 3354 1200 3398; x_wconf 87' lang='lat' dir='ltr'>annos</span> <span class='ocrx_word' id='word_1_131' title='bbox 1224 3334 1338 3417; x_wconf 82' lang='lat' dir='ltr'>viginti</span> <span class='ocrx_word' id='word_1_132' title='bbox 1361 3342 1511 3399; x_wconf 88' lang='lat' dir='ltr'>curarunt</span> <span class='ocrx_word' id='word_1_133' title='bbox 1534 3336 1595 3401; x_wconf 92' lang='lat' dir='ltr'>duo</span> <span class='ocrx_word' id='word_1_134' title='bbox 1618 3336 1680 3400; x_wconf 89' lang='lat' dir='ltr'>viri</span> 
     </span>
     <span class='ocr_line' id='line_1_15' title="bbox 297 3422 1680 3522; baseline 0.003 -23"><span class='ocrx_word' id='word_1_135' title='bbox 297 3422 405 3501; x_wconf 46' lang='lat' dir='ltr'>‘docti</span> <span class='ocrx_word' id='word_1_136' title='bbox 426 3435 582 3501; x_wconf 92' lang='lat' dir='ltr'>Iohannes</span> <span class='ocrx_word' id='word_1_137' title='bbox 603 3435 755 3500; x_wconf 85' lang='lat' dir='ltr'>Frannius</span> <span class='ocrx_word' id='word_1_138' title='bbox 784 3443 816 3499; x_wconf 90' lang='lat' dir='ltr'>et</span> <span class='ocrx_word' id='word_1_139' title='bbox 837 3438 919 3519; x_wconf 82' lang='lat' dir='ltr'>Aug.</span> <span class='ocrx_word' id='word_1_140' title='bbox 942 3436 1012 3501; x_wconf 89' lang='lat' dir='ltr'>Gul.</span> <span class='ocrx_word' id='word_1_141' title='bbox 1037 3438 1205 3522; x_wconf 89' lang='lat' dir='ltr'>Zumptius</span> <span class='ocrx_word' id='word_1_142' title='bbox 1229 3439 1399 3522; x_wconf 78' lang='lat' dir='ltr'>(Caesaris</span> <span class='ocrx_word' id='word_1_143' title='bbox 1423 3442 1560 3520; x_wconf 73' lang='lat' dir='ltr'>depasti</span> <span class='ocrx_word' id='word_1_144' title='bbox 1583 3443 1680 3503; x_wconf 77' lang='lat' dir='ltr'>indere</span> 
     </span>
     <span class='ocr_line' id='line_1_16' title="bbox 313 3536 1678 3628; baseline 0.004 -24"><span class='ocrx_word' id='word_1_145' title='bbox 313 3536 424 3605; x_wconf 65' lang='lat' dir='ltr'>&#39;reram</span> <span class='ocrx_word' id='word_1_146' title='bbox 440 3560 461 3603; x_wconf 89' lang='lat' dir='ltr'>o</span> <span class='ocrx_word' id='word_1_147' title='bbox 471 3562 507 3605; x_wconf 81' lang='lat' dir='ltr'>ae</span> <span class='ocrx_word' id='word_1_148' title='bbox 520 3550 683 3621; x_wconf 73' lang='lat' dir='ltr'>pertarum</span> <span class='ocrx_word' id='word_1_149' title='bbox 694 3543 763 3603; x_wconf 82' lang='lat' dir='ltr'>sice</span> <span class='ocrx_word' id='word_1_150' title='bbox 773 3550 997 3605; x_wconf 81' lang='lat' dir='ltr'>mouumentum</span> <span class='ocrx_word' id='word_1_151' title='bbox 1005 3542 1215 3624; x_wconf 80' lang='lat' dir='ltr'>Ancyranum.</span> <span class='ocrx_word' id='word_1_152' title='bbox 1227 3542 1470 3607; x_wconf 84' lang='lat' dir='ltr'>Berolini1845.</span> <span class='ocrx_word' id='word_1_153' title='bbox 1484 3544 1514 3605; x_wconf 87' lang='lat'>4.</span> <span class='ocrx_word' id='word_1_154' title='bbox 1526 3564 1580 3628; x_wconf 91' lang='lat' dir='ltr'>pp.</span> <span class='ocrx_word' id='word_1_155' title='bbox 1590 3545 1678 3628; x_wconf 80' lang='lat'>120),</span> 
     </span>
     <span class='ocr_line' id='line_1_17' title="bbox 318 3641 1679 3730; baseline 0.002 -23"><span class='ocrx_word' id='word_1_156' title='bbox 318 3642 399 3707; x_wconf 90' lang='lat' dir='ltr'>moti</span> <span class='ocrx_word' id='word_1_157' title='bbox 421 3642 558 3707; x_wconf 83' lang='lat' dir='ltr'>Graecae</span> <span class='ocrx_word' id='word_1_158' title='bbox 581 3642 734 3706; x_wconf 87' lang='lat' dir='ltr'>versionis</span> <span class='ocrx_word' id='word_1_159' title='bbox 756 3647 846 3726; x_wconf 90' lang='lat' dir='ltr'>parte</span> <span class='ocrx_word' id='word_1_160' title='bbox 868 3641 976 3727; x_wconf 90' lang='lat' dir='ltr'>paullo</span> <span class='ocrx_word' id='word_1_161' title='bbox 1000 3649 1073 3707; x_wconf 93' lang='lat' dir='ltr'>ante</span> <span class='ocrx_word' id='word_1_162' title='bbox 1097 3643 1137 3707; x_wconf 92' lang='lat' dir='ltr'>ab</span> <span class='ocrx_word' id='word_1_163' title='bbox 1161 3644 1343 3709; x_wconf 90' lang='lat' dir='ltr'>Hamiltono</span> <span class='ocrx_word' id='word_1_164' title='bbox 1367 3653 1499 3730; x_wconf 88' lang='lat' dir='ltr'>reperta,</span> <span class='ocrx_word' id='word_1_165' title='bbox 1528 3646 1592 3709; x_wconf 92' lang='lat' dir='ltr'>iam</span> <span class='ocrx_word' id='word_1_166' title='bbox 1616 3666 1679 3710; x_wconf 91' lang='lat' dir='ltr'>non</span> 
     </span>
     <span class='ocr_line' id='line_1_18' title="bbox 319 3745 1679 3833; baseline 0.002 -23"><span class='ocrx_word' id='word_1_167' title='bbox 319 3745 448 3822; x_wconf 87' lang='lat' dir='ltr'>suffieit,</span> <span class='ocrx_word' id='word_1_168' title='bbox 470 3751 639 3831; x_wconf 87' lang='lat' dir='ltr'>postquam</span> <span class='ocrx_word' id='word_1_169' title='bbox 662 3746 790 3811; x_wconf 89' lang='lat' dir='ltr'>tabulae</span> <span class='ocrx_word' id='word_1_170' title='bbox 813 3746 1014 3811; x_wconf 88' lang='lat' dir='ltr'>Perrotianae</span> <span class='ocrx_word' id='word_1_171' title='bbox 1037 3766 1162 3811; x_wconf 92' lang='lat' dir='ltr'>omnem</span> <span class='ocrx_word' id='word_1_172' title='bbox 1183 3754 1305 3831; x_wconf 91' lang='lat' dir='ltr'>partem</span> <span class='ocrx_word' id='word_1_173' title='bbox 1330 3748 1433 3833; x_wconf 90' lang='lat' dir='ltr'>operis</span> <span class='ocrx_word' id='word_1_174' title='bbox 1449 3749 1551 3814; x_wconf 92' lang='lat' dir='ltr'>denuo</span> <span class='ocrx_word' id='word_1_175' title='bbox 1567 3750 1679 3813; x_wconf 84' lang='lat' dir='ltr'>funda-</span> 
     </span>
     <span class='ocr_line' id='line_1_19' title="bbox 317 3849 1502 3934; baseline 0.001 -21"><span class='ocrx_word' id='word_1_176' title='bbox 317 3856 435 3914; x_wconf 91' lang='lat' dir='ltr'>verunt</span> <span class='ocrx_word' id='word_1_177' title='bbox 457 3849 544 3913; x_wconf 88' lang='lat' dir='ltr'>etin</span> <span class='ocrx_word' id='word_1_178' title='bbox 567 3855 755 3934; x_wconf 90' lang='lat' dir='ltr'>perpetuum</span> <span class='ocrx_word' id='word_1_179' title='bbox 778 3849 1012 3915; x_wconf 89' lang='lat' dir='ltr'>stabiliverunt.</span> <span class='ocrx_word' id='word_1_180' title='bbox 1059 3849 1146 3934; x_wconf 89' lang='lat' dir='ltr'>Opus</span> <span class='ocrx_word' id='word_1_181' title='bbox 1170 3857 1275 3915; x_wconf 90' lang='lat' dir='ltr'>autem</span> <span class='ocrx_word' id='word_1_182' title='bbox 1299 3852 1344 3915; x_wconf 89' lang='lat' dir='ltr'>sic</span> <span class='ocrx_word' id='word_1_183' title='bbox 1367 3850 1502 3917; x_wconf 88' lang='lat' dir='ltr'>institui.</span> 
     </span>
    </p>

    <p class='ocr_par' dir='ltr' id='par_1_4' title="bbox 316 3952 1771 5182">
     <span class='ocr_line' id='line_1_20' title="bbox 381 3952 1679 4037; baseline 0.003 -21"><span class='ocrx_word' id='word_1_184' title='bbox 381 3954 434 4036; x_wconf 15' lang='lat'>⁷1·</span> <span class='ocrx_word' id='word_1_185' title='bbox 482 3952 625 4019; x_wconf 87' lang='lat' dir='ltr'>Primum</span> <span class='ocrx_word' id='word_1_186' title='bbox 653 3952 797 4017; x_wconf 88' lang='lat' dir='ltr'>recensui</span> <span class='ocrx_word' id='word_1_187' title='bbox 828 3952 1010 4036; x_wconf 86' lang='lat' dir='ltr'>exemplum</span> <span class='ocrx_word' id='word_1_188' title='bbox 1031 3952 1182 4018; x_wconf 86' lang='lat' dir='ltr'>Latinum</span> <span class='ocrx_word' id='word_1_189' title='bbox 1211 3953 1355 4017; x_wconf 88' lang='lat' dir='ltr'>subiecta</span> <span class='ocrx_word' id='word_1_190' title='bbox 1382 3954 1505 4037; x_wconf 82' lang='lat' dir='ltr'>integra</span> <span class='ocrx_word' id='word_1_191' title='bbox 1527 3956 1679 4020; x_wconf 88' lang='lat' dir='ltr'>varietate</span> 
     </span>
     <span class='ocr_line' id='line_1_21' title="bbox 318 4056 1679 4143; baseline 0.002 -21"><span class='ocrx_word' id='word_1_192' title='bbox 318 4056 539 4142; x_wconf 80' lang='lat' dir='ltr'>exemplorum</span> <span class='ocrx_word' id='word_1_193' title='bbox 567 4077 690 4133; x_wconf 88' lang='lat' dir='ltr'>eorum,</span> <span class='ocrx_word' id='word_1_194' title='bbox 722 4075 855 4139; x_wconf 90' lang='lat' dir='ltr'>quorum</span> <span class='ocrx_word' id='word_1_195' title='bbox 885 4057 976 4141; x_wconf 90' lang='lat' dir='ltr'>copia</span> <span class='ocrx_word' id='word_1_196' title='bbox 997 4056 1077 4121; x_wconf 93' lang='lat' dir='ltr'>mihi</span> <span class='ocrx_word' id='word_1_197' title='bbox 1099 4057 1173 4134; x_wconf 83' lang='lat' dir='ltr'>fuit,</span> <span class='ocrx_word' id='word_1_198' title='bbox 1204 4057 1267 4123; x_wconf 91' lang='lat' dir='ltr'>nisi</span> <span class='ocrx_word' id='word_1_199' title='bbox 1292 4058 1378 4141; x_wconf 90' lang='lat' dir='ltr'>quod</span> <span class='ocrx_word' id='word_1_200' title='bbox 1400 4059 1537 4143; x_wconf 85' lang='lat' dir='ltr'>exempli</span> <span class='ocrx_word' id='word_1_201' title='bbox 1559 4059 1679 4125; x_wconf 91' lang='lat' dir='ltr'>Busbe-</span> 
     </span>
     <span class='ocr_line' id='line_1_22' title="bbox 319 4160 1679 4248; baseline 0.002 -23"><span class='ocrx_word' id='word_1_202' title='bbox 319 4160 433 4245; x_wconf 91' lang='lat' dir='ltr'>quiani</span> <span class='ocrx_word' id='word_1_203' title='bbox 455 4180 552 4245; x_wconf 89' lang='lat' dir='ltr'>snpra</span> <span class='ocrx_word' id='word_1_204' title='bbox 573 4181 604 4245; x_wconf 91' lang='lat' dir='ltr'>p.</span> <span class='ocrx_word' id='word_1_205' title='bbox 617 4180 781 4227; x_wconf 78' lang='lat' dir='ltr'>xrn—xtu</span> <span class='ocrx_word' id='word_1_206' title='bbox 804 4161 1031 4245; x_wconf 90' lang='lat' dir='ltr'>repraesentati</span> <span class='ocrx_word' id='word_1_207' title='bbox 1053 4160 1106 4225; x_wconf 88' lang='lat' dir='ltr'>hio</span> <span class='ocrx_word' id='word_1_208' title='bbox 1129 4182 1192 4226; x_wconf 92' lang='lat' dir='ltr'>non</span> <span class='ocrx_word' id='word_1_209' title='bbox 1215 4161 1330 4227; x_wconf 87' lang='lat' dir='ltr'>admisi</span> <span class='ocrx_word' id='word_1_210' title='bbox 1351 4162 1414 4226; x_wconf 90' lang='lat' dir='ltr'>nisi</span> <span class='ocrx_word' id='word_1_211' title='bbox 1437 4164 1611 4248; x_wconf 88' lang='lat' dir='ltr'>scripturae</span> <span class='ocrx_word' id='word_1_212' title='bbox 1626 4184 1679 4228; x_wconf 91' lang='lat' dir='ltr'>va-</span> 
     </span>
     <span class='ocr_line' id='line_1_23' title="bbox 316 4260 1771 4352; baseline 0.004 -24"><span class='ocrx_word' id='word_1_213' title='bbox 316 4266 467 4330; x_wconf 88' lang='lat' dir='ltr'>rietatem</span> <span class='ocrx_word' id='word_1_214' title='bbox 488 4263 658 4349; x_wconf 82' lang='lat' dir='ltr'>potiorem3</span> <span class='ocrx_word' id='word_1_215' title='bbox 683 4285 786 4347; x_wconf 90' lang='lat' dir='ltr'>neque</span> <span class='ocrx_word' id='word_1_216' title='bbox 807 4265 865 4329; x_wconf 91' lang='lat' dir='ltr'>ubi</span> <span class='ocrx_word' id='word_1_217' title='bbox 879 4265 1019 4348; x_wconf 89' lang='lat' dir='ltr'>reliquos</span> <span class='ocrx_word' id='word_1_218' title='bbox 1034 4271 1132 4330; x_wconf 90' lang='lat' dir='ltr'>testes</span> <span class='ocrx_word' id='word_1_219' title='bbox 1148 4267 1282 4352; x_wconf 89' lang='lat' dir='ltr'>appello,</span> <span class='ocrx_word' id='word_1_220' title='bbox 1309 4267 1584 4351; x_wconf 90' lang='lat' dir='ltr'>comprehenditur</span> <span class='ocrx_word' id='word_1_221' title='bbox 1598 4268 1679 4333; x_wconf 90' lang='lat' dir='ltr'>Bus-</span> <span class='ocrx_word' id='word_1_222' title='bbox 1768 4260 1771 4268; x_wconf 65' lang='grc'>’</span> 
     </span>
     <span class='ocr_line' id='line_1_24' title="bbox 319 4367 1679 4453; baseline 0.002 -20"><span class='ocrx_word' id='word_1_223' title='bbox 319 4368 468 4452; x_wconf 87' lang='lat' dir='ltr'>bequius.</span> <span class='ocrx_word' id='word_1_224' title='bbox 513 4368 629 4433; x_wconf 90' lang='lat' dir='ltr'>Hiatus</span> <span class='ocrx_word' id='word_1_225' title='bbox 653 4367 815 4432; x_wconf 92' lang='lat' dir='ltr'>dimensus</span> <span class='ocrx_word' id='word_1_226' title='bbox 839 4367 879 4431; x_wconf 94' lang='lat' dir='ltr'>ad</span> <span class='ocrx_word' id='word_1_227' title='bbox 901 4369 1045 4433; x_wconf 89' lang='lat' dir='ltr'>tabulam</span> <span class='ocrx_word' id='word_1_228' title='bbox 1066 4369 1282 4436; x_wconf 89' lang='lat' dir='ltr'>Perrotianam</span> <span class='ocrx_word' id='word_1_229' title='bbox 1306 4377 1382 4453; x_wconf 92' lang='lat' dir='ltr'>quot</span> <span class='ocrx_word' id='word_1_230' title='bbox 1403 4371 1437 4433; x_wconf 91' lang='lat' dir='ltr'>in</span> <span class='ocrx_word' id='word_1_231' title='bbox 1461 4370 1595 4453; x_wconf 81' lang='lat' dir='ltr'>singulis</span> <span class='ocrx_word' id='word_1_232' title='bbox 1619 4372 1679 4436; x_wconf 90' lang='lat' dir='ltr'>ele-</span> 
     </span>
     <span class='ocr_line' id='line_1_25' title="bbox 318 4471 1680 4558; baseline 0.004 -22"><span class='ocrx_word' id='word_1_233' title='bbox 318 4478 431 4537; x_wconf 91' lang='lat' dir='ltr'>menta</span> <span class='ocrx_word' id='word_1_234' title='bbox 452 4471 620 4537; x_wconf 90' lang='lat' dir='ltr'>videantur</span> <span class='ocrx_word' id='word_1_235' title='bbox 641 4472 775 4555; x_wconf 91' lang='lat' dir='ltr'>periisse</span> <span class='ocrx_word' id='word_1_236' title='bbox 803 4472 913 4536; x_wconf 91' lang='lat' dir='ltr'>sedulo</span> <span class='ocrx_word' id='word_1_237' title='bbox 940 4472 1104 4553; x_wconf 83' lang='lat' dir='ltr'>adnotavi3</span> <span class='ocrx_word' id='word_1_238' title='bbox 1136 4496 1155 4537; x_wconf 90' lang='lat' dir='ltr'>a</span> <span class='ocrx_word' id='word_1_239' title='bbox 1183 4474 1413 4558; x_wconf 89' lang='lat' dir='ltr'>supplementis</span> <span class='ocrx_word' id='word_1_240' title='bbox 1437 4481 1543 4540; x_wconf 90' lang='lat' dir='ltr'>autem</span> <span class='ocrx_word' id='word_1_241' title='bbox 1565 4476 1599 4538; x_wconf 92' lang='lat' dir='ltr'>in</span> <span class='ocrx_word' id='word_1_242' title='bbox 1622 4475 1680 4541; x_wconf 92' lang='lat' dir='ltr'>hae</span> 
     </span>
     <span class='ocr_line' id='line_1_26' title="bbox 319 4574 1681 4663; baseline 0.004 -24"><span class='ocrx_word' id='word_1_243' title='bbox 319 4575 453 4658; x_wconf 92' lang='lat' dir='ltr'>quidem</span> <span class='ocrx_word' id='word_1_244' title='bbox 483 4574 666 4641; x_wconf 88' lang='lat' dir='ltr'>recensione</span> <span class='ocrx_word' id='word_1_245' title='bbox 689 4575 841 4640; x_wconf 91' lang='lat' dir='ltr'>abstinui.</span> <span class='ocrx_word' id='word_1_246' title='bbox 883 4576 1014 4641; x_wconf 29' lang='lat' dir='ltr'>&lt;Titulus</span> <span class='ocrx_word' id='word_1_247' title='bbox 1036 4578 1106 4663; x_wconf 92' lang='lat' dir='ltr'>ipse</span> <span class='ocrx_word' id='word_1_248' title='bbox 1136 4578 1271 4662; x_wconf 90' lang='lat' dir='ltr'>scriptus</span> <span class='ocrx_word' id='word_1_249' title='bbox 1300 4583 1349 4641; x_wconf 89' lang='lat' dir='ltr'>est</span> <span class='ocrx_word' id='word_1_250' title='bbox 1371 4576 1626 4643; x_wconf 88' lang='lat' dir='ltr'>emendatissime</span> <span class='ocrx_word' id='word_1_251' title='bbox 1650 4586 1681 4644; x_wconf 93' lang='lat' dir='ltr'>et</span> 
     </span>
     <span class='ocr_line' id='line_1_27' title="bbox 319 4680 1680 4766; baseline 0.002 -23"><span class='ocrx_word' id='word_1_252' title='bbox 319 4680 453 4762; x_wconf 89' lang='lat' dir='ltr'>qualem</span> <span class='ocrx_word' id='word_1_253' title='bbox 476 4680 531 4744; x_wconf 84' lang='lat' dir='ltr'>vix</span> <span class='ocrx_word' id='word_1_254' title='bbox 553 4685 753 4763; x_wconf 82' lang='lat' dir='ltr'>expectasses</span> <span class='ocrx_word' id='word_1_255' title='bbox 776 4680 809 4744; x_wconf 94' lang='lat' dir='ltr'>in</span> <span class='ocrx_word' id='word_1_256' title='bbox 832 4680 995 4765; x_wconf 88' lang='lat' dir='ltr'>provincia</span> <span class='ocrx_word' id='word_1_257' title='bbox 1018 4688 1049 4745; x_wconf 93' lang='lat' dir='ltr'>et</span> <span class='ocrx_word' id='word_1_258' title='bbox 1071 4681 1245 4765; x_wconf 81' lang='lat' dir='ltr'>longinqua</span> <span class='ocrx_word' id='word_1_259' title='bbox 1260 4687 1291 4745; x_wconf 92' lang='lat' dir='ltr'>et</span> <span class='ocrx_word' id='word_1_260' title='bbox 1308 4682 1440 4757; x_wconf 86' lang='lat' dir='ltr'>Graeca3</span> <span class='ocrx_word' id='word_1_261' title='bbox 1466 4681 1588 4746; x_wconf 88' lang='lat' dir='ltr'>scribae</span> <span class='ocrx_word' id='word_1_262' title='bbox 1605 4702 1680 4766; x_wconf 90' lang='lat' dir='ltr'>qua-</span> 
     </span>
     <span class='ocr_line' id='line_1_28' title="bbox 319 4782 1680 4871; baseline 0 -23"><span class='ocrx_word' id='word_1_263' title='bbox 319 4783 494 4849; x_wconf 85' lang='lat' dir='ltr'>dratariive</span> <span class='ocrx_word' id='word_1_264' title='bbox 522 4803 642 4849; x_wconf 90' lang='lat' dir='ltr'>errores</span> <span class='ocrx_word' id='word_1_265' title='bbox 670 4782 725 4846; x_wconf 80' lang='lat' dir='ltr'>vix</span> <span class='ocrx_word' id='word_1_266' title='bbox 753 4791 837 4849; x_wconf 92' lang='lat' dir='ltr'>certo</span> <span class='ocrx_word' id='word_1_267' title='bbox 865 4784 1060 4870; x_wconf 90' lang='lat' dir='ltr'>deprehendi</span> <span class='ocrx_word' id='word_1_268' title='bbox 1088 4792 1213 4871; x_wconf 88' lang='lat' dir='ltr'>praeter</span> <span class='ocrx_word' id='word_1_269' title='bbox 1242 4796 1272 4849; x_wconf 86' lang='lat' dir='ltr'>et</span> <span class='ocrx_word' id='word_1_270' title='bbox 1303 4787 1332 4862; x_wconf 81' lang='lat'>2,</span> <span class='ocrx_word' id='word_1_271' title='bbox 1359 4788 1378 4849; x_wconf 79' lang='lat'><strong>2</strong></span> <span class='ocrx_word' id='word_1_272' title='bbox 1408 4784 1490 4849; x_wconf 86' lang='lat' dir='ltr'>male</span> <span class='ocrx_word' id='word_1_273' title='bbox 1514 4785 1680 4850; x_wconf 90' lang='lat' dir='ltr'>insertum.</span> 
     </span>
     <span class='ocr_line' id='line_1_29' title="bbox 317 4887 1680 4973; baseline 0.002 -21"><span class='ocrx_word' id='word_1_274' title='bbox 317 4887 585 4972; x_wconf 81' lang='lat' dir='ltr'>Apographorum</span> <span class='ocrx_word' id='word_1_275' title='bbox 608 4887 770 4954; x_wconf 86' lang='lat' dir='ltr'>varietatis</span> <span class='ocrx_word' id='word_1_276' title='bbox 794 4909 855 4955; x_wconf 89' lang='lat' dir='ltr'>non</span> <span class='ocrx_word' id='word_1_277' title='bbox 878 4889 986 4972; x_wconf 84' lang='lat' dir='ltr'>ignoro</span> <span class='ocrx_word' id='word_1_278' title='bbox 1010 4896 1041 4954; x_wconf 93' lang='lat' dir='ltr'>et</span> <span class='ocrx_word' id='word_1_279' title='bbox 1062 4889 1206 4954; x_wconf 89' lang='lat' dir='ltr'>taedium</span> <span class='ocrx_word' id='word_1_280' title='bbox 1228 4891 1340 4973; x_wconf 80' lang='lat' dir='ltr'>ingens</span> <span class='ocrx_word' id='word_1_281' title='bbox 1364 4909 1434 4953; x_wconf 89' lang='lat' dir='ltr'>esse</span> <span class='ocrx_word' id='word_1_282' title='bbox 1455 4894 1487 4952; x_wconf 94' lang='lat' dir='ltr'>et</span> <span class='ocrx_word' id='word_1_283' title='bbox 1508 4887 1680 4955; x_wconf 86' lang='lat' dir='ltr'>utilitatem</span> 
     </span>
     <span class='ocr_line' id='line_1_30' title="bbox 317 4991 1680 5079; baseline 0.003 -26"><span class='ocrx_word' id='word_1_284' title='bbox 317 5010 521 5075; x_wconf 91' lang='lat' dir='ltr'>perparvam,</span> <span class='ocrx_word' id='word_1_285' title='bbox 545 5012 618 5055; x_wconf 90' lang='lat' dir='ltr'>cum</span> <span class='ocrx_word' id='word_1_286' title='bbox 640 4991 789 5057; x_wconf 87' lang='lat' dir='ltr'>standum</span> <span class='ocrx_word' id='word_1_287' title='bbox 812 4993 855 5058; x_wconf 91' lang='lat' dir='ltr'>sit</span> <span class='ocrx_word' id='word_1_288' title='bbox 877 4994 942 5057; x_wconf 87' lang='lat' dir='ltr'>fere</span> <span class='ocrx_word' id='word_1_289' title='bbox 964 4994 1109 5079; x_wconf 79' lang='lat' dir='ltr'>exemplo</span> <span class='ocrx_word' id='word_1_290' title='bbox 1131 4992 1328 5073; x_wconf 79' lang='lat' dir='ltr'>Perrotian03</span> <span class='ocrx_word' id='word_1_291' title='bbox 1353 4992 1584 5077; x_wconf 89' lang='lat' dir='ltr'>displicentque</span> <span class='ocrx_word' id='word_1_292' title='bbox 1606 5014 1680 5058; x_wconf 89' lang='lat' dir='ltr'>sane</span> 
     </span>
     <span class='ocr_line' id='line_1_31' title="bbox 318 5093 1681 5182; baseline 0 -23"><span class='ocrx_word' id='word_1_293' title='bbox 318 5094 405 5159; x_wconf 91' lang='lat' dir='ltr'>mihi</span> <span class='ocrx_word' id='word_1_294' title='bbox 428 5115 524 5178; x_wconf 88' lang='lat' dir='ltr'>quam</span> <span class='ocrx_word' id='word_1_295' title='bbox 546 5093 685 5160; x_wconf 80' lang='lat' dir='ltr'>maxime</span> <span class='ocrx_word' id='word_1_296' title='bbox 707 5095 735 5161; x_wconf 91' lang='lat' dir='ltr'>si</span> <span class='ocrx_word' id='word_1_297' title='bbox 759 5098 815 5180; x_wconf 91' lang='lat' dir='ltr'>qui</span> <span class='ocrx_word' id='word_1_298' title='bbox 842 5098 1030 5182; x_wconf 91' lang='lat' dir='ltr'>obstrepunt</span> <span class='ocrx_word' id='word_1_299' title='bbox 1057 5097 1187 5164; x_wconf 87' lang='lat' dir='ltr'>auribus</span> <span class='ocrx_word' id='word_1_300' title='bbox 1212 5097 1328 5163; x_wconf 87' lang='lat' dir='ltr'>nostris</span> <span class='ocrx_word' id='word_1_301' title='bbox 1351 5096 1538 5163; x_wconf 88' lang='lat' dir='ltr'>mendarum</span> <span class='ocrx_word' id='word_1_302' title='bbox 1561 5096 1681 5161; x_wconf 88' lang='lat' dir='ltr'>concla-</span> 
     </span>
    </p>
   </div>
   <div class='ocr_carea' id='block_1_4' title="bbox 0 0 2205 6164">
    <p class='ocr_par' dir='ltr' id='par_1_5' title="bbox 0 0 2205 6164">
     <span class='ocr_line' id='line_1_32' title="bbox 0 0 2205 6164; baseline 0 0"><span class='ocrx_word' id='word_1_303' title='bbox 0 0 2205 6164; x_wconf 95' lang='lat' dir='ltr'> </span> 
     </span>
    </p>
   </div>
  </div>
 </body>
</html>
