4400 6175
903 727 934 790 ν,
949 727 1068 780 sr-er
1624 726 1666 790 79

308 899 437 966 Modum
467 901 552 966 hunc
580 900 699 984 origine
728 899 838 964 dicunt
865 905 989 986 praeter
1016 899 1123 984 ipsum
1147 901 1325 982 Augustum
1347 900 1478 966 Tacitus
1503 919 1576 967 anu.
1595 901 1666 976 24

308 1011 342 1070 et
371 1004 431 1069 Dio
454 1006 506 1082 55,
524 1007 563 1069 10
592 1005 653 1088 (ci.
677 1005 729 1081 53,
746 1004 826 1090 33),
857 1003 908 1068 hic
936 1003 1056 1070 addens
1084 1023 1157 1068 eum
1186 1003 1227 1067 ud
1255 1003 1413 1068 Romanos
1441 1005 1567 1068 venisse
1594 1022 1666 1068 cum

308 1109 454 1174 Tiridate
475 1108 607 1186 Partho,
638 1108 764 1192 quando
791 1109 821 1172 is
844 1115 967 1172 cortsrm
991 1129 1062 1172 cum
1085 1107 1220 1174 Phraata
1242 1109 1338 1174 frutra
1361 1109 1401 1173 de
1422 1102 1517 1192 reguo
1540 1108 1668 1173 Partho

303 1233 381 1278 rum
403 1212 477 1278 exul
493 1233 521 1276 a.
531 1213 592 1278 731
618 1213 750 1277 Romam
772 1213 930 1298 proiectus
953 1218 1011 1278 est.
1048 1211 1117 1276 lloc
1138 1233 1178 1276 ax
1200 1215 1425 1280 commentario
1440 1212 1576 1296 Augusti
1600 1212 1666 1276 solo

303 1318 472 1394 discimus,
495 1316 598 1381 lilium
620 1337 694 1382 eum
716 1316 815 1382 luisse
838 1318 920 1400 regis
943 1317 1108 1382 Medorum
1129 1317 1325 1394 Artavasdis,
1351 1318 1390 1381 de
1413 1337 1475 1401 quo
1491 1316 1667 1382 Artavasde

305 1423 386 1486 data
408 1439 503 1506 opere
524 1420 665 1486 dicemus
689 1419 728 1485 ad
753 1422 783 1498 6,
797 1422 827 1484 9.
874 1420 1036 1485 Medorum
1060 1427 1167 1490 autem
1190 1421 1277 1504 regia
1298 1423 1395 1506 stirps
1421 1443 1492 1486 cum
1516 1420 1669 1485 Armenis

303 1524 464 1590 affinitate
486 1523 653 1589 coniuncta
675 1543 747 1588 cum
770 1531 855 1588 esset
877 1523 997 1608 (Strab.
1026 1527 1076 1600 ll,
1096 1525 1181 1600 13,1
1206 1545 1238 1609 p.
1254 1525 1344 1608 523),
1369 1524 1447 1590 haec
1473 1523 1542 1590 sine
1570 1523 1668 1588 dubio

304 1649 408 1693 causa
428 1629 490 1694 luit
511 1645 567 1692 our
588 1627 672 1692 huno
694 1626 832 1694 maxime
848 1629 1011 1710 Augustus
1026 1627 1178 1711 deligeret
1193 1629 1247 1712 (ci.
1264 1628 1551 1694 sustinnisset&
1574 1649 1667 1710 repes

304 1736 419 1800 socios
450 1735 544 1797 etiam
572 1735 657 1797 inter
685 1735 776 1814 ipsos
803 1733 1090 1796 necessitudinibus
1115 1735 1233 1796 mutuis
1257 1735 1379 1809 weit,
1411 1734 1667 1817 promptissime

301 1840 481 1920 affinitatis
504 1840 653 1919 cuiusque
676 1845 769 1917 atque
791 1837 953 1900 amicitiae
974 1837 1167 1900 condliator
1187 1846 1219 1900 et
1242 1837 1378 1920 fautor).
1432 1837 1666 1901 Ariobarzanen

302 1942 490 2008 volentibus
512 1940 672 2006 Armeniis
700 1939 893 2024 praefectum
922 1958 992 2004 osse
1014 1939 1145 2004 Tacitus
1173 1939 1298 2020 scribit3
1327 1947 1436 2006 contre
1461 1940 1521 2006 uio
1548 1947 1665 2017 narrat,

305 2067 385 2114 cum
413 2065 486 2110 eum
516 2045 613 2108 Gaius
642 2043 802 2108 Armeniis
829 2062 934 2125 regem
963 2041 1182 2127 imposuisset,
1213 2043 1332 2110 bellum
1361 2044 1437 2108 inde
1464 2051 1568 2110 ortum
1596 2064 1666 2108 esse

302 2171 338 2215 a.
352 2151 427 2230 755,
453 2150 486 2213 iu
510 2167 572 2232 quo
595 2147 743 2232 Artagirs
764 2146 913 2212 obsidens
937 2147 1034 2212 Galus
1058 2146 1243 2212 vulneratus
1265 2147 1374 2233 paullo
1396 2155 1469 2234 post
1491 2150 1549 2234 (21
1573 2149 1663 2213 Febr.

303 2261 327 2322 7
332 2256 397 2339 57)
425 2277 464 2320 ex
492 2273 529 2318 eo
551 2251 682 2318 vulnere
705 2251 785 2318 obiit
795 2248 838 2336 *).
860 2287 900 2300 -
924 2249 1046 2316 Deinde
1069 2249 1200 2315 Tacitus
1222 2271 1294 2316 aun.
1319 2253 1399 2329 24:
1435 2255 1665 2330 Ariobarzane,

303 2361 425 2444 inquit,
448 2368 547 2423 morte
566 2359 704 2440 [ortuiw
718 2357 885 2438 absumpto
899 2359 1032 2439 stirpem
1047 2357 1115 2420 eius
1130 2357 1216 2419 baud
1230 2358 1406 2421 toleravere
1420 2364 1453 2421 et
1466 2355 1526 2422 Dio
1541 2359 1594 2435 55,
1609 2361 1665 2422 10:

303 2466 363 2549 τὴν
391 2463 542 2551 Ἀρμενίαν
570 2461 639 2526 τότε
668 2461 722 2546 μὲν
752 2462 769 2524 b
796 2458 1041 2548 Ἀριοβαρζάνης,
1077 2459 1280 2530 ἀποθανόντας
1307 2461 1342 2524 δὲ
1372 2460 1464 2524 αὐτοῦ
1492 2460 1529 2525 ob
1563 2466 1666 2550 πολλῷ

305 2570 431 2654 ὕστερον
460 2565 643 2654 Ἀρταβάζης
674 2565 690 2628 b
723 2565 786 2634 υἱὸς
813 2565 895 2650 παρά
924 2587 957 2628 us
987 2569 1040 2630 τοῦ
1072 2561 1248 2647 Αὐγούστου
1278 2564 1330 2628 nel
1360 2563 1440 2650 παρὰ
1469 2570 1523 2649 τῆς
1554 2569 1666 2654 βουλῆς

304 2671 427 2760 ἔλαβεν.
479 2671 682 2734 Interiectum
705 2689 774 2734 esse
797 2667 996 2734 Artavasden
1019 2668 1243 2735 Ariobarzanis
1265 2668 1367 2732 fllium
1390 2670 1600 2754 comperimus
1625 2689 1665 2734 ex

379 2939 410 3002 *)
429 2939 487 2992 Huc
506 2941 625 3008 spectare
644 2936 769 2988 fastorum
789 2933 1065 3003 Ripetrausouensium
1085 2933 1222 2986 frustulum
1242 2933 1381 2986 Henzenus
1399 2935 1541 2998 intellexit3
1561 2937 1664 3004 supple-

308 3031 398 3084 menta
416 3030 502 3079 temen
521 3023 553 3077 ab
571 3039 602 3076 eo
621 3022 755 3093 proposita
773 3019 814 3084 (G.
828 3019 848 3073 Ι.
861 3019 890 3073 L.
910 3036 934 3089 p.
948 3018 1013 3081 472)
1032 3019 1109 3071 nimis
1127 3020 1253 3072 recedunt
1271 3020 1303 3072 ab
1322 3019 1412 3071 horum
1429 3019 1554 3073 fastorum
1572 3023 1664 3090 spatiis

307 3116 484 3182 universaque
502 3128 590 3166 eorum
610 3110 786 3173 ordinatione,
810 3108 911 3176 qualem
929 3106 1054 3176 patefacit
1071 3106 1182 3159 frustum
1202 3107 1311 3159 alterum
1331 3108 1425 3175 (supra
1442 3124 1467 3176 p.
1481 3108 1544 3170 39);
1563 3110 1665 3162 scilieet

306 3202 473 3271 ponebantur
490 3200 527 3253 ibi
545 3200 656 3267 primum
675 3197 797 3251 consules
816 3196 877 3247 snul
895 3194 984 3258 totius,
1003 3193 1096 3246 deiude
1109 3208 1152 3246 res
1163 3194 1222 3246 eiua
1234 3194 1297 3246 anui
1307 3196 1497 3259 memorabiles,
1515 3196 1593 3248 tertio
1605 3197 1664 3249 loco

303 3290 475 3359 magistratus
493 3287 551 3339 eius
569 3285 632 3339 anui
648 3283 829 3351 municipales.
860 3281 1021 3337 Crediderim
1040 3281 1162 3349 equidem
1180 3281 1292 3335 frustum
1309 3281 1360 3336 lroc
1378 3283 1510 3350 pertinere
1528 3284 1561 3335 ad
1580 3284 1664 3337 solnm

306 3392 404 3431 anuum
423 3374 474 3429 757
493 3374 577 3427 etsie
596 3372 649 3427 iere
668 3370 857 3425 restituendum
876 3384 947 3423 esse:

526 3480 573 3513 cos.
721 3476 771 3509 serr.
808 3457 887 3509 aelius
923 3467 992 3507 catus
1126 3475 1146 3506 c.
1182 3458 1273 3507 sentius
1308 3459 1447 3509 saturninus

721 3554 770 3621 aus.
807 3550 830 3602 lc.
868 3552 912 3603 iul.
1078 3570 1098 3599 c.
1184 3552 1277 3603 clodius
1360 3553 1447 3603 licinus

1083 3662 1119 3695 cn.
1169 3646 1260 3695 sentius
1306 3648 1447 3696 saturninus

530 3756 589 3791 νιιιι
615 3742 638 3792 lc.
667 3751 736 3792 mart.
770 3759 789 3790 c.
820 3758 907 3791 camur
937 3737 1010 3791 AVG
1042 3762 1049 3777 ·
1081 3737 1102 3790 F
1131 3762 1140 3779 ·
1169 3738 1297 3790 DEGessit
1326 3740 1351 3789 in
1383 3740 1446 3805 lpcin

614 3851 700 3887 annun
735 3852 811 3902 opens
847 3832 917 3886 rrrll
945 3857 953 3873 ·
987 3830 1105 3885 ROMAE
1138 3854 1146 3871 ·
1181 3830 1351 3884 IVSTlTr'unu
1381 3833 1448 3883 indic

614 3942 662 3983 tum
681 3940 716 3981 est
733 3928 850 3982 DONEG
869 3952 877 3969 ·
896 3926 984 3981 OSSA
1001 3950 1010 3968 ·
1026 3926 1107 3980 EIVS
1121 3948 1130 3966 ·
1144 3925 1181 3978 IN
1194 3949 1204 3966 ·
1216 3925 1402 3979 maMSOIaeum
1420 3928 1445 3977 s'n

606 4026 734 4090 ¹ferrentur
751 4024 796 4075 V·
815 4022 874 4075 EID
894 4045 903 4065 ·
921 4022 1008 4075 SEPT
1029 4044 1038 4063 ·
1058 4020 1199 4074 BELLVM
1218 4044 1227 4061 ·
1246 4018 1319 4073 cvii
1337 4020 1446 4072 hostibus

609 4138 636 4185 p.
659 4138 679 4171 r.
707 4136 793 4184 peresus
815 4117 851 4171 IN
876 4138 884 4159 ·
908 4115 1066 4171 ARMENIA
1089 4139 1097 4157 ·
1119 4114 1306 4169 Paucvssn
1332 4125 1369 4167 est
1390 4116 1445 4167 dun

613 4214 705 4267 obsidet
780 4208 970 4265 ar'lAOIRAlt
1043 4234 1051 4251 ·
1119 4208 1261 4263 Aitlteniae
1331 4212 1445 4277 oppidum

513 4326 527 4359 ν
569 4310 593 4359 lo.
623 4310 666 4361 iul.
697 4310 753 4374 imp.
785 4325 871 4359 caesar
901 4305 937 4359 ΤΙ
972 4326 981 4347 0
1011 4307 1034 4371 s
1066 4328 1074 4345 ·
1111 4303 1216 4357 Drusum
1254 4323 1278 4357 a.
1319 4305 1446 4371 adoptauit

298 4406 429 4459 Extremo
448 4419 539 4468 uersu,
558 4403 603 4457 ubi
622 4402 704 4456 ΤΙΕΙ)
723 4401 841 4465 traditur,
860 4404 972 4469 possunt
990 4400 1068 4452 etiam
1088 4400 1193 4452 rivirum
1213 4399 1318 4451 nomina
1335 4397 1431 4462 luisse;
1450 4402 1477 4452 st
1495 4398 1600 4467 adoptio
1619 4394 1662 4449 Ti-

299 4494 373 4547 berii
390 4492 438 4544 filii
450 4491 579 4559 Drusique
599 4491 700 4557 nepotis
720 4490 764 4541 vix
782 4490 809 4541 iu
827 4490 874 4542 tuli
891 4488 1016 4541 laterculo
1035 4488 1121 4555 potuit
1138 4487 1281 4555 praeteriri.
1318 4486 1348 4538 ln
1368 4487 1516 4538 universum
1529 4484 1662 4537 conteren-

299 4580 367 4631 dum
382 4582 422 4631 est
434 4578 566 4630 decretum
578 4576 731 4629 Pisauorum
745 4576 838 4637 (Oroll.
852 4574 927 4639 643),
943 4575 971 4627 iu
984 4589 1034 4642 quo
1048 4574 1086 4626 sic
1099 4578 1152 4626 esti
1174 4574 1201 4625 0.
1215 4575 1342 4625 Caesarem
1354 4575 1464 4639 Aupueti
1476 4574 1599 4637 —fiiiun
1613 4574 1665 4624 divi

296 4676 411 4731 nepotem
429 4676 484 4731 post
501 4664 657 4727 consulatum,
676 4682 744 4728 quern
761 4662 828 4713 altra
839 4662 904 4726 finis
921 4672 1040 4712 extremus
1053 4661 1143 4727 papuli
1154 4660 1261 4711 Romani
1279 4660 1364 4710 bellurn
1382 4676 1469 4726 pereas
1479 4660 1593 4725 ⁸feliciter
1608 4677 1664 4723 per·

298 4765 399 4821 eperat,
419 4757 475 4804 bens
492 4762 563 4819 pasta
575 4771 601 4803 re
617 4753 724 4818 publica,
743 4752 857 4803 deoieteis
869 4761 912 4801 aut
928 4751 953 4801 in
959 4750 1038 4813 fldem
1054 4750 1158 4814 receptis
1175 4748 1364 4801 bellicosissimis
1379 4764 1410 4797 cc
1420 4747 1533 4796 naainis
1543 4746 1664 4812 pentibus,

298 4845 383 4909 ipsun
395 4841 532 4893 causton
542 4858 587 4905 pra
599 4840 736 4905 republica
747 4839 853 4904 acceptes
865 4838 890 4889 in
902 4855 929 4889 eo
942 4854 1001 4889 casu
1013 4836 1151 4889 modalibus
1161 4837 1230 4900 satis
1241 4845 1347 4901 ereptura
1354 4834 1446 4901 populo
1459 4832 1584 4892 Romarm
1601 4832 1664 4883 item

297 4930 366 4997 post
384 4926 448 4979 alia:
467 4938 575 4993 opertere
593 4944 623 4977 ec
641 4944 670 4976 ea
689 4926 735 4989 die,
755 4942 804 4989 qua
822 4926 874 4977 eius
892 4924 989 4975 decesus
1006 4925 1131 4975 nuntiatus
1149 4934 1218 4985 esset,
1237 4941 1312 4987 usque
1330 4923 1365 4974 ad
1381 4940 1433 4973 earn
1452 4922 1522 4983 diem,
1541 4938 1590 4985 qua
1607 4938 1663 4970 ossa

296 5015 386 5067 redata
405 5023 477 5078 utque
496 5012 594 5063 condita
613 5013 725 5075 iustaque
744 5012 796 5061 eius
813 5012 924 5061 munibus
938 5012 1051 5076 perfecta
1070 5021 1156 5073 essent,
1175 5020 1272 5060 cunctos
1289 5019 1354 5059 ueste
1365 5018 1459 5058 mutata
1472 5034 1505 5041 -
1518 5007 1664 5056 convictibus

297 5116 355 5152 sese
374 5101 497 5165 apstinere
515 5102 565 5151 cst.
597 5096 727 5149 Iustitiam
747 5096 846 5148 nullum
864 5096 991 5149 indictum
1011 5099 1052 5149 est
1070 5096 1139 5148 Pisis
1158 5099 1304 5163 propterea,
1323 5094 1393 5162 quod
1411 5109 1442 5147 eo
1461 5097 1577 5159 tempore
1596 5090 1662 5142 forte

298 5188 341 5241 ibi
360 5185 530 5253 magistratus
549 5200 601 5237 nou
621 5186 695 5237 eraut
712 5198 796 5250 neque
815 5183 951 5251 quisquam
971 5183 1027 5235 iure
1047 5182 1158 5235 dicundo
1178 5184 1304 5249 praeerat.
