4400 6175
562 701 604 764 14
1156 703 1190 766 V,
1203 703 1322 757 13-23

562 897 589 938 a.
601 877 666 940 730
678 876 870 961 incipiente.
907 875 1081 940 Rediernnt
1101 882 1210 942 tamen
1230 894 1305 942 mox
1320 877 1492 962 Aethiopes
1514 877 1556 942 ad
1569 877 1720 944 Premnin
1733 893 1907 963 oppuguan-

562 978 651 1055 dam,
683 980 738 1044 sed
762 1002 834 1046 cum
856 979 897 1044 iis
922 979 1064 1045 celeriter
1086 979 1225 1045 obiceret
1247 1001 1281 1044 se
1304 981 1480 1057 Petronius,
1503 1002 1580 1066 paee
1602 981 1706 1048 denuo
1733 984 1909 1049 confirmata

561 1084 655 1166 legati
673 1085 864 1169 Aethiopum
879 1091 1092 1149 convenerunt
1106 1087 1287 1167 Augustum
1302 1085 1400 1164 Sami,
1425 1085 1489 1149 ubi·
1498 1085 1633 1167 degebat
1646 1087 1750 1150 hieme
1765 1107 1793 1150 a
1802 1084 1905 1162 73314.

562 1189 672 1271 ltaque
696 1198 784 1271 gesta
806 1188 882 1254 haec
905 1194 980 1252 sunt
1004 1188 1178 1254 secundnm
1195 1189 1382 1254 Strabonem
1398 1190 1480 1254 inter
1495 1209 1524 1254 a.
1537 1191 1728 1266 crs-733,
1749 1198 1906 1254 narrantur

561 1299 667 1356 autem
691 1293 857 1358 coniuncta
879 1313 899 1356 a
920 1292 1021 1356 Dione
1044 1291 1084 1356 ad
1108 1307 1136 1356 1.
1150 1293 1224 1369 732,
1249 1313 1312 1376 quo
1335 1313 1416 1357 anno
1439 1293 1613 1358 secundam
1626 1293 1767 1359 Petronii
1788 1293 1905 1378 expedi·

562 1396 679 1461 tionem
699 1398 815 1462 factam
836 1417 904 1461 esse
927 1404 1012 1481 puto,
1036 1397 1172 1482 priorem
1188 1415 1262 1461 vero
1277 1417 1360 1461 anno
1375 1397 1591 1482 praecedente,
1613 1418 1686 1462 cnm
1701 1398 1785 1480 quod
1799 1419 1833 1461 re
1846 1408 1906 1461 arte

561 1521 695 1564 conexae
719 1509 802 1577 sunt,
826 1509 894 1566 tum
916 1509 1043 1585 propter
1066 1521 1105 1564 ea
1126 1521 1207 1584 qnae
1223 1499 1367 1565 dicentur
1383 1501 1421 1565 de
1435 1502 1634 1586 praefectura
1646 1501 1795 1566 Petronii.
1833 1503 1906 1566 01111

561 1605 739 1669 narratione
761 1605 819 1668 hee
842 1605 969 1669 omnino
993 1603 1183 1668 conveniunt
1210 1603 1429 1668 commentarii
1451 1605 1587 1686 Augusti
1616 1625 1720 1688 neque
1742 1604 1904 1688 quicquam

561 1708 695 1783 addunt,
727 1708 812 1791 quod
839 1709 882 1772 sit
910 1709 1044 1772 alicuius
1073 1708 1234 1773 momenti.
1286 1708 1456 1773 Terminus
1478 1709 1689 1792 expeditionis
1710 1709 1905 1793 Aethiopicae

560 1813 611 1876 hic
634 1834 759 1896 quoque
782 1820 830 1878 est
853 1813 1005 1897 oppidum
1023 1815 1152 1877 Nobnto
1174 1813 1286 1894 (quam
1302 1812 1422 1877 Perroti
1444 1812 1613 1877 lectionem
1635 1813 1799 1878 coufirmat
1813 1814 1905 1876 Lucas

559 1919 700 1982 scribens
722 1937 775 1984 ru.
786 1938 823 1984 ,11
835 1971 841 1984 .
854 1971 859 1982 .
870 1918 903 2000 .)‚
928 1917 1048 1982 dictum
1070 1918 1201 1998 Nepete
1224 1917 1308 2001 apud
1329 1916 1518 1982 Strabonem
1532 1917 1749 1982 Ptolemaeum
1764 1917 1903 1993 Plinium,

559 2019 680 2105 Τανάπη
705 2020 789 2105 apud
812 2020 963 2095 Dionem,
994 2018 1133 2085 Ναπάται
1156 2021 1241 2105 apud
1263 2021 1460 2106 Stephanum
1482 2021 1686 2105 Byzantium
1715 2042 1778 2105 quo
1806 2042 1904 2106 parve

559 2125 643 2190 nisse
672 2125 844 2188 exercitum
873 2124 1049 2188 Romanum
1082 2131 1114 2186 et
1142 2124 1188 2187 ita
1222 2144 1319 2210 prope
1355 2124 1526 2188 accessisse
1556 2125 1596 2189 ad
1626 2124 1771 2190 inclitam
1803 2125 1905 2189 urbem

559 2230 683 2294 Meroen
706 2229 874 2313 imperator
896 2227 1056 2310 gloriatur.
1877 2286 1879 2290 ,

669 2334 735 2396 Iam
759 2333 923 2396 videamus
946 2332 985 2396 de
1008 2330 1208 2416 expeditione
1224 2331 1370 2396 Arabica.
1410 2333 1496 2408 Quae
1519 2351 1581 2414 quo
1604 2336 1746 2415 tempore
1763 2332 1844 2396 facta
1858 2332 1902 2406 sit

558 2438 674 2522 pendet
696 2437 833 2501 maxime
857 2435 978 2500 eserie
1002 2436 1232 2518 praefectorum
1248 2434 1393 2518 Aegypti,
1417 2435 1473 2518 qui
1494 2455 1551 2519 per
1574 2435 1630 2499 bos
1654 2453 1754 2498 annos
1770 2437 1903 2510 fuerunt;

562 2542 600 2606 de
625 2562 687 2624 qua
709 2563 809 2626 nuper
832 2539 913 2604 dixit
935 2541 1031 2604 Henr.
1047 2539 1171 2622 Kriiger
1193 2540 1265 2623 (der
1279 2541 1416 2620 Feldzcy
1438 2542 1492 2605 des
1508 2541 1618 2604 Aelius
1634 2541 1747 2603 Gallos
1761 2536 1905 2605 Wismari
2005 2532 2006 2535 '

561 2648 643 2710 1862
662 2668 693 2730 p.
706 2647 775 2728 49).
812 2645 834 2708 E
866 2651 987 2710 constat
1003 2645 1057 2709 011.
1076 2642 1259 2708 Cornelium
1274 2643 1401 2708 Gallum
1416 2643 1555 2728 primum
1570 2643 1706 2728 Aegypti
1720 2643 1905 2728 praefectum

558 2749 678 2814 rexisse
702 2771 772 2814 eam
795 2749 834 2814 ab
859 2750 1059 2825 111724,
1083 2769 1197 2812 manus
1221 2747 1284 2811 sibi
1305 2746 1452 2812 intulisse
1476 2748 1590 2827 1.728;
1617 2767 1679 2830 quo
1703 2767 1786 2812 anno
1809 2753 1904 2810 autem

558 2854 719 2938 provincia
743 2853 870 2930 abierit,
904 2872 964 2916 nou
988 2852 1124 2918 traditur
1146 2872 1249 2934 neque
1279 2850 1451 2935 quicquam
1478 2851 1598 2927 obstat,
1632 2851 1803 2934 quominus
1832 2870 1903 2914 anno
2005 2844 2006 2907 ἰ

557 2965 639 3021 11111
663 2958 725 3021 727
752 2977 963 3022 successorem
987 2954 1151 3041 acceperit.
1176 2994 1217 3002 -
1242 2954 1385 3020 Cornelio
1409 2955 1516 3019 statim
1540 2954 1731 3020 successisse
1756 2955 1789 3019 0.
1810 2956 1904 3018 Petro

557 3065 646 3131 nium
669 3081 862 3148 quamquam
893 3060 1037 3147 plerique
1060 3067 1221 3137 statuunt,
1244 3065 1351 3124 tamen
1374 3057 1453 3124 mihi
1477 3059 1569 3125 aliter
1590 3058 1724 3124 videtur.
1773 3060 1852 3127 Nam
1872 3080 1904 3123 ex

557 3168 680 3245 ordine,
709 3188 771 3250 quo
793 3172 858 3231 tres
881 3166 1053 3250 praefectos
1077 3164 1258 3230 Cornelium
1282 3164 1463 3228 Petronium
1487 3162 1613 3228 Aelium
1636 3162 1781 3230 nominat
1802 3165 1904 3230 Strabo

560 3278 609 3350 17,
629 3273 846 3357 15311319,
871 3290 1073 3352 nequaquem
1095 3268 1129 3332 id
1154 3268 1302 3345 efficitur3
1329 3274 1491 3352 praeterea
1513 3276 1620 3332 autem
1642 3286 1724 3351 quae
1745 3268 1903 3332 traduntur

557 3373 615 3442 hee
639 3384 762 3441 tantum
785 3374 955 3438 ostendunt
974 3372 1168 3457 praefectum
1183 3372 1366 3437 Petronium
1389 3373 1782 3458 1111111111731732.
1816 3372 1905 3435 Vacat

556 3482 653 3565 igitur
680 3476 1241 3553 1111111111111111111.728-730,
1273 3474 1357 3559 quod
1384 3476 1544 3541 commode
1570 3474 1670 3540 tribui
1696 3482 1802 3559 potest
1826 3496 1905 3560 prae
2004 3502 2005 3519 1

557 3588 637 3651 secto
660 3586 694 3649 0.
711 3583 801 3647 Aelio
818 3581 917 3658 Gallo,
941 3580 987 3644 ita
1009 3586 1045 3644 ut
1066 3580 1100 3643 in
1122 3579 1242 3644 Arabia
1263 3587 1404 3644 moratus
1426 3579 1470 3642 sit
1490 3600 1547 3663 per
1566 3578 1774 3663 posteriorem
1792 3587 1904 3664 partem

557 3690 707 3755 11111729
731 3687 930 3773 prioremque
947 3706 974 3749 a.
984 3684 1048 3749 730
1071 3683 1240 3760 (hiemavit
1253 3684 1339 3748 enim
1354 3683 1545 3747 Leuceeome
1560 3690 1725 3747 stannum
1739 3683 1793 3747 vel
1806 3681 1904 3767 paullo

556 3795 628 3881 plus
651 3793 684 3857 in
705 3790 904 3877 expeditione
920 3788 1140 3873 consumpsit),
1164 3787 1289 3852 rediens
1303 3786 1379 3851 inde
1393 3785 1512 3863 statim,
1534 3785 1570 3850 id
1584 3793 1635 3851 est
1647 3793 1789 3852 extreme
1802 3786 1904 3859 1730,

556 3915 769 3964 successorem
797 3894 966 3978 acceperit,
997 3899 1032 3955 ut
1061 3911 1118 3976 par
1145 3898 1214 3955 erat
1240 3892 1336 3955 rebus
1363 3890 1535 3956 infeliciter
1561 3890 1668 3972 gestis.
1721 3891 1905 3955 0111111111

556 4002 658 4068 ordini
682 3998 837 4084 quomodo
859 3996 1041 4061 testimonia
1064 4002 1228 4059 auctorum
1249 3994 1447 4070 conueniant,
1475 3994 1540 4058 iam
1563 3993 1737 4057 videamus.
1791 3994 1831 4061 lit
1852 3992 1905 4057 Dio

557 4106 685 4189 quidem
701 4100 932 4187 expeditionem
951 4099 1121 4165 Arabicam
1136 4100 1232 4163 refert
1247 4099 1287 4164 ad
1303 4115 1331 4163 a
1345 4099 1419 4174 730,
1445 4116 1506 4181 quo
1522 4098 1617 4165 finem
1633 4098 1755 4163 babuit.
1792 4096 1904 4161 Deinde

555 4211 717 4289 Augustus
741 4226 813 4269 eum
836 4204 953 4268 scribat
976 4206 1081 4267 codem
1104 4206 1173 4283 fare
1196 4213 1334 4284 tempore
1356 4211 1523 4285 utramque
1537 4201 1772 4286 expeditionem
1787 4220 1904 4283 suscep-

556 4322 621 4377 tam
644 4332 723 4387 esse,
748 4307 922 4373 secundum
945 4327 1042 4392 supra
1065 4307 1223 4391 explicate
1245 4326 1281 4371 eo
1304 4306 1373 4391 ipso
1397 4306 1571 4381 11111730,
1595 4325 1658 4388 quo
1680 4306 1822 4371 Arabica
1843 4324 1904 4388 per·

556 4426 626 4483 acta
641 4428 699 4492 est,
724 4434 795 4479 cum
811 4412 935 4496 Syenen
952 4418 1160 4495 occupassent
1173 4410 1355 4495 Aethiopes,
1378 4418 1530 4492 sequente
1545 4409 1607 4473 731
1625 4410 1791 4475 Petronius
1806 4416 1906 4473 contra

556 4524 612 4587 hos
636 4521 792 4606 profectus
816 4523 872 4581 est.
920 4515 1072 4581 Convenit
1100 4534 1227 4598 quoque
1253 4513 1419 4579 Horatium
1439 4513 1474 4577 in
1504 4513 1585 4577 libro
1614 4514 1716 4597 prime
1738 4514 1905 4579 carminum

556 4626 638 4691 edito
658 4647 685 4688 e.
698 4646 725 4689 a.
740 4624 803 4688 730
819 4622 942 4687 duobus
958 4620 1035 4685 locis
1052 4624 1097 4701 (1,
1113 4621 1165 4684 29.
1180 4621 1237 4703 35)
1253 4617 1438 4685 meminisse
1454 4617 1665 4701 expeditionis
1682 4618 1835 4683 Arabicae
1848 4635 1905 4679 non

424 4709 428 4714 ⁸
555 4734 665 4807 factae,
690 4729 745 4793 sed
769 4729 892 4792 futurae
916 4746 1049 4809 eamque
1072 4725 1287 4809 composuisse
1310 4742 1381 4787 eum
1403 4722 1603 4806 expeditione
1617 4722 1695 4787 item
1710 4723 1818 4787 futura
1831 4719 1905 4785 ssrie

556 4836 690 4911 1111111,
716 4833 805 4897 cuius
829 4831 1019 4895 mentionem
1043 4828 1136 4893 inicit
1150 4828 1276 4903 111153,
1294 4828 1336 4891 22
1360 4826 1572 4913 1111172718.
1607 4826 1761 4910 Iosephus
1775 4824 1904 4905 denique

555 4947 639 5016 (ant.
665 4937 733 5002 Iud.
761 4937 810 5012 15,
834 4937 864 5012 3,
884 4938 912 4999 1.
932 4936 961 4997 2.
979 4935 1020 5013 3)
1050 4933 1095 4997 111
1124 4931 1245 5008 scribit,
1275 4929 1411 4994 Herodis
1443 4949 1526 4994 anno
1554 4928 1643 5012 regni
1671 4929 1763 4993 tertio
1791 4928 1904 4993 decimo

555 5049 595 5124 (4
611 5047 687 5129 Apr.
705 5044 770 5107 729
787 5080 827 5091 -
845 5040 864 5104 3
880 5043 957 5124 Apr.
976 5040 1061 5122 730)
1084 5038 1201 5102 famem
1230 5036 1330 5101 fnisse
1359 5036 1393 5099 in
1415 5035 1535 5100 Iudaea
1556 5054 1690 5116 eamque
1713 5032 1905 5099 continuasse

555 5170 638 5214 anno
667 5152 818 5229 sequente
850 5146 884 5223 (4
901 5145 977 5227 Apr.
995 5144 1060 5207 730
1078 5184 1119 5193 -
1136 5142 1155 5205 3
1171 5143 1249 5225 Apr.
1266 5140 1363 5224 731),
1399 5159 1505 5222 regem
1532 5145 1640 5203 autem
1667 5138 1696 5201 ei
1726 5135 1904 5201 subvenisse
