4400 6175
519 679 574 731 XX

520 857 714 934 tegerentur,
745 850 865 915 domini
892 849 955 915 loci
983 869 1045 914 non
1074 850 1301 934 permiserunt3
1333 856 1480 934 ectypum
1507 850 1576 914 fieri
1597 869 1690 936 posse
1711 851 1740 916 is
1763 850 1816 915 cui
1838 871 1875 916 ea

518 977 570 1018 res
593 954 743 1019 mandata
765 960 832 1019 erat
845 953 983 1037 negavit,
1007 959 1154 1018 causatus
1170 953 1216 1018 ita
1236 953 1474 1038 inscriptionem
1493 954 1598 1040 ipsam
1620 955 1875 1039 pessumdatum

518 1058 569 1122 iri.
602 1059 691 1123 Misit
713 1058 799 1122 idem
814 1058 899 1142 quod
916 1064 1081 1142 exceperat
1095 1056 1286 1142 exemplum,
1309 1077 1371 1141 quo
1388 1077 1581 1142 quamquam
1597 1057 1774 1142 complures
1789 1057 1874 1122 locos

521 1167 606 1226 recte
629 1183 667 1226 ex
688 1162 795 1247 lapide
819 1161 1013 1238 emendavit,
1044 1167 1150 1226 tamen
1174 1167 1274 1226 totam
1295 1183 1362 1225 rem
1385 1163 1587 1245 neq'uaquam
1608 1161 1730 1247 peregit
1752 1180 1789 1224 ea
1812 1180 1876 1243 qua

519 1286 577 1350 par
600 1271 667 1330 erat
689 1285 765 1330 cura
787 1273 818 1330 et
841 1264 1060 1349 simplicitat03
1090 1285 1165 1328 nem
1194 1263 1266 1328 aliis
1291 1265 1368 1330 loeis
1391 1286 1494 1348 neque
1516 1264 1557 1329 iis
1580 1264 1700 1349 paucis,
1725 1263 1874 1348 deceptus

522 1369 660 1433 maxime
684 1366 913 1453 supplementis
929 1367 1139 1451 Zumptiania
1164 1389 1201 1431 ea
1224 1367 1288 1431 sibi
1310 1366 1417 1432 videre
1440 1368 1529 1434 uisus
1553 1375 1602 1434 est
1623 1368 1657 1432 in
1672 1366 1778 1452 lapide
1794 1386 1875 1450 quae

520 1478 728 1557 proposuerat
750 1471 851 1535 editor
865 1470 1097 1550 Berolinensis3
1123 1471 1213 1534 cuius
1237 1471 1350 1556 eulpae
1372 1471 1569 1536 luculentum
1592 1470 1772 1556 exemplum
1787 1491 1875 1554 pree·

447 1659 454 1664 ⁸
520 1576 575 1640 bet
598 1576 736 1661 caputd,
754 1575 893 1639 24-34.
927 1576 1031 1651 Quare
1055 1574 1178 1639 invitus
1195 1574 1334 1658 quidem,
1359 1575 1414 1639 sed
1430 1576 1606 1640 necessario
1621 1575 1680 1639 hoc
1695 1572 1875 1658 exemplum

521 1680 568 1743 ita
590 1679 731 1756 adhibui,
755 1684 792 1743 ut
814 1679 844 1743 ei
867 1678 927 1743 soli
949 1677 1045 1743 fidem
1068 1698 1132 1743 non
1154 1678 1303 1743 haberem
1327 1679 1391 1742 nisi
1413 1678 1447 1742 in
1470 1698 1503 1742 re
1527 1677 1675 1743 evidenti.

860 2171 912 2229 vr.
960 2168 1265 2230 Pnuaormuvu
1301 2171 1539 2229 nxnurnvu.
1621 2133 1632 2178 ²

632 2309 774 2374 Tandem
798 2308 968 2394 aliquando
991 2330 1072 2392 quae
1095 2331 1153 2376 nos
1174 2311 1291 2375 trustra
1312 2317 1542 2395 temptercmus
1564 2311 1771 2394 perfecerunt,
1796 2308 1877 2372 sicut

523 2433 619 2497 supra
639 2415 758 2491 monui,
783 2413 934 2495 Georgius
954 2414 1064 2490 Petrot
1086 2422 1118 2479 et
1133 2414 1319 2479 Edmundus
1336 2414 1527 2492 Guilleume,
1551 2413 1608 2497 qui
1628 2413 1720 2477 iussu
1742 2413 1877 2497 impere-

521 2517 599 2581 toris
615 2516 779 2582 Gallorum
801 2516 991 2602 Napoleonis
1006 2519 1055 2582 Ill
1079 2518 1236 2583 Galatiam
1253 2524 1285 2583 et
1300 2517 1485 2602 Bithyniam
1508 2539 1535 2580 a.
1554 2517 1636 2582 1861
1661 2519 1877 2602 peragrarunt.

523 2620 645 2705 Ectypa
668 2619 797 2703 quidem
820 2621 889 2684 fieri
909 2641 1003 2705 posse
1020 2627 1053 2685 et
1070 2621 1136 2705 ipsi
1148 2627 1314 2704 negarunt,
1339 2621 1396 2686 sed
1412 2639 1537 2684 summa
1551 2640 1627 2685 cure
1639 2618 1879 2705 inscriptionem

521 2729 798 2808 repraesentarunt
817 2723 938 2788 tabulis
961 2723 1129 2789 delineatis
1160 2723 1200 2788 ed
1223 2725 1357 2788 formam
1378 2723 1693 2807 magnitudinemque
1716 2721 1878 2806 archetypi

522 2827 722 2911 exemplaris,
747 2848 828 2911 quae
849 2827 980 2893 tabulae
1001 2829 1067 2893 iam
1089 2835 1234 2914 prostant
1247 2828 1379 2892 Parisiis
1402 2829 1436 2892 in
1457 2847 1567 2892 museo
1582 2824 1877 2911 Napoleonieno*).

521 2931 659 2995 Easdem
681 2929 807 2994 tabulas
830 2951 904 2995 mox
924 2932 1028 2995 forma
1049 2931 1170 2996 minore
1193 2931 1361 2996 ediderunt
1382 2929 1604 3016 insplendide
1625 2928 1787 2995 itinerario
1810 2928 1878 3012 (ec-

518 3037 683 3116 plcratica
704 3036 947 3118 arclcolayique
969 3039 1007 3101 de
1030 3039 1063 3101 la
1085 3037 1212 3101 Galatia
1234 3046 1265 3100 et
1286 3038 1318 3099 la
1341 3035 1497 3118 Bithynia.
1527 3033 1658 3099 Parisiis
1677 3035 1772 3100 1862.
1796 3031 1876 3116 fol),

522 3138 580 3202 ubi
611 3138 725 3201 Latina
752 3138 941 3204 exhibentur
969 3139 1089 3204 tabulis
1122 3138 1246 3203 duabus
1279 3159 1311 3201 n.
1330 3138 1383 3202 te.
1407 3140 1448 3203 26
1482 3139 1586 3222 iisque
1615 3138 1777 3221 aliquanto
1806 3142 1879 3199 ente

522 3262 619 3324 quam
641 3239 763 3324 publici
784 3241 863 3305 iuris
885 3242 997 3306 fierent
1017 3261 1095 3305 usus
1120 3262 1191 3305 sum
1213 3240 1364 3305 beneficio
1380 3240 1511 3306 Perroti.
1550 3242 1616 3305 Hoc
1632 3240 1812 3326 exemplum
1833 3239 1880 3303 ita

522 3346 696 3427 perfectum
718 3352 768 3409 est
789 3346 885 3409 etiarn
907 3345 942 3409 in
964 3344 1144 3410 indicandis
1175 3345 1322 3410 hiatuum
1345 3345 1456 3430 spatiis
1479 3345 1589 3421 iustis,
1619 3351 1655 3409 ut
1676 3342 1878 3429 paucissimis

523 3447 601 3511 leeis
629 3448 768 3531 exceptis
796 3469 871 3533 prae
901 3470 936 3513 eo
965 3449 1090 3531 reliqua
1118 3450 1225 3515 omnia
1252 3454 1336 3513 recte
1366 3448 1529 3531 neglegas,
1561 3446 1658 3531 idque
1688 3467 1742 3530 ego
1772 3445 1879 3512 ubivis

523 3571 620 3633 quam
641 3550 711 3614 lieri
733 3551 838 3635 potuit
860 3551 1096 3615 accuratissime
1122 3557 1248 3617 secutus
1271 3568 1353 3615 sum.

592 3841 622 3904 *)
641 3839 680 3893 cf.
703 3840 917 3906 Gomptee‘readua
928 3842 958 3891 de
971 3840 1119 3893 l'Amdemie
1131 3842 1173 3892 dee
1185 3843 1339 3908 imeriptione
1354 3840 1420 3893 1861
1440 3857 1466 3908 p.
1476 3840 1542 3893 243:
1565 3840 1603 3891 Ua
1622 3850 1761 3907 eatampape
1778 3841 1882 3906 petieral

522 3940 558 3979 eet
576 3930 726 3993 impossible.-
746 3926 773 3979 1ο
787 3946 852 3993 pour
871 3928 1031 3993 l'iaeeripticu
1050 3929 1133 3991 latine,
1153 3930 1168 3977 ὰ
1187 3946 1259 3978 cause
1277 3929 1319 3978 des
1338 3938 1404 3978 trous
1420 3928 1539 3993 profonda
1557 3927 1599 3991 qui
1613 3944 1631 3993 y
1648 3937 1701 3977 cont
1709 3928 1838 3992 pratiquee
1851 3944 1880 3975 ea

518 4015 643 4080 plusieurs
665 4015 783 4075 andreia,
806 4032 847 4064 au·
859 4015 931 4078 paint
953 4030 999 4077 que
1022 4014 1048 4063 la
1069 4015 1168 4080 eursaee
1185 4032 1211 4064 ae
1230 4014 1316 4065 derata
1334 4024 1357 4064 et
1374 4014 1494 4078 s’easoaee
1512 4013 1667 4078 aplueieurs
1685 4014 1832 4064 centimetree
1851 4012 1880 4061 de

520 4102 683 4167 profundatur,
710 4098 739 4150 2⁰
754 4118 818 4165 pour
836 4100 997 4165 l'ineeriptiou
1013 4117 1131 4166 praeque,
1157 4103 1172 4150 ὰ
1196 4118 1268 4150 cauae
1290 4102 1332 4150 dee
1353 4110 1453 4165 peutres
1474 4116 1520 4163 que
1542 4116 1602 4149 acus
1624 4118 1722 4149 sommae
1739 4100 1833 4164 ollipe‘e
1851 4098 1880 4147 de

523 4188 611 4238 lcieeer
629 4187 735 4236 &metae
752 4195 832 4235 contre
852 4188 944 4237 lemur
962 4188 1015 4249 asia
1032 4188 1062 4237 de
1080 4188 1188 4237 ecateair
1206 4188 1227 4236 le
1246 4189 1290 4238 tait
1308 4188 1337 4237 de
1357 4188 1382 4237 la
1399 4188 1499 4237 maisou.
1535 4185 1607 4237 Maia
1624 4204 1684 4237 naue
1701 4196 1880 4251 rapporteroue,

487 4325 491 4328 ,
522 4284 591 4324 outre
609 4273 651 4323 dea
664 4272 761 4337 parties
778 4278 916 4335 attemptet,
935 4272 979 4335 qui
995 4272 1126 4324 document
1145 4274 1170 4323 la
1176 4274 1258 4337 sonae
1271 4274 1313 4322 dee
1324 4274 1468 4336 caracteres,
1487 4272 1589 4337 quelque
1605 4273 1675 4323 elicee
1693 4274 1736 4337 qui
1748 4282 1881 4337 pemcttra

523 4359 552 4408 de
570 4375 675 4408 meeurer
693 4356 763 4407 etde
780 4356 882 4423 remplir
900 4358 934 4407 les
952 4358 1019 4408 videa
1037 4377 1095 4409 avee
1114 4378 1159 4409 uae
1178 4360 1316 4410 exactitude
1332 4378 1435 4424 presque
1453 4360 1645 4424 anathematique.
1690 4359 1726 4411 M.
1743 4358 1881 4411 Guillaume

523 4462 539 4494 a
557 4462 586 4494 eu
606 4444 630 4493 la
645 4444 758 4508 patience
775 4442 805 4491 de
822 4452 906 4493 mettre
923 4445 939 4492 ὰ
959 4443 1078 4506 ΡόοΙιοὶΙο,
1100 4446 1181 4509 pierre
1195 4462 1247 4510 par
1261 4446 1356 4509 pierre,
1380 4463 1408 4495 en
1426 4446 1555 4509 indiquant
1574 4445 1609 4495 lca
1626 4447 1745 4497 moiadres
1762 4462 1881 4502 caesurae,

443 4583 445 4586 ,
523 4546 581 4579 avec
599 4530 651 4579 leur
667 4529 736 4578 araia
754 4528 866 4593 largeur,
886 4541 962 4580 tcutea
980 4531 1015 4581 les
1032 4532 1144 4597 aursaees
1162 4533 1206 4596 qui
1219 4542 1317 4596 portent
1335 4533 1376 4582 dee
1394 4532 1560 4596 inscriptione,
1581 4534 1747 4583 etet-adire
1766 4532 1800 4581 lea
1818 4532 1883 4581 deut

516 4617 592 4681 sacae
609 4617 642 4665 du
656 4632 764 4680 proauos
783 4625 806 4665 et
826 4616 917 4666 lemur
935 4619 1056 4669 exterieur
1079 4620 1108 4668 de
1131 4620 1158 4669 la
1176 4619 1245 4669 eolla.
1290 4618 1342 4669 Sur
1362 4636 1401 4669 cea
1412 4618 1528 4684 fauilla,
1546 4621 1576 4684 J'e
1594 4620 1691 4669 mettrai
1708 4622 1724 4669 ὰ
1742 4618 1794 4669 leur
1807 4617 1882 4682 place

524 4703 559 4752 let
575 4703 639 4751 deux
656 4697 811 4764 inscriptioni
829 4702 851 4751 le
869 4719 966 4767 eompae
989 4704 1049 4753 eta
1067 4706 1141 4755 maia.
1187 4702 1292 4756 Cetera
1311 4722 1396 4754 comme
1420 4722 1451 4754 uu
1470 4711 1521 4755 c‘tat
1539 4705 1631 4766 actual,
1650 4721 1695 4754 une
1712 4706 1780 4754 vraie
1795 4704 1883 4767 plato-

522 4787 627 4852 prcplu'e
644 4787 674 4837 de
692 4787 860 4851 l’iaeoriptioc.
890 4786 929 4842 cf.
947 4787 1045 4841 ibidem
1065 4788 1133 4841 1862
1151 4806 1176 4858 p.
1188 4788 1229 4841 63.
