4400 6175
749 968 942 1024 EXEMPLVM
965 969 1247 1034 BVSBEQVIANVM.
1280 1013 1283 1022 .

223 1131 325 1174 rerum
361 1117 521 1192 gestam
559 1108 628 1172 diui
665 1109 791 1192 augusti
822 1101 955 1192 'qulbus
997 1109 1107 1174 orbem
1149 1117 1302 1175 terrarum
1340 1109 1473 1195 imperio
1511 1111 1619 1195 populi
1657 1110 1779 1176 romani

225 1213 357 1278 subiecit
376 1219 410 1278 ot
430 1215 649 1298 impensarum
671 1233 753 1296 quas
774 1212 808 1276 in
831 1232 899 1277 rem
919 1212 1082 1297 publicam
1104 1214 1321 1299 populumque
1335 1230 1501 1279 romanum
1517 1214 1615 1279 lecit
1604 1214 1779 1280 incisarum

226 1319 260 1381 in
298 1315 425 1381 duabus
464 1306 620 1381 abaeneis
664 1316 740 1402 pilis
785 1334 866 1401 quae
911 1324 988 1382 sunt
1030 1319 1182 1403 romoc')
1227 1318 1348 1404 positae
1393 1319 1555 1404 exemplar
1599 1317 1779 1384 subiectum

240 1426 267 1498 1,
281 1441 293 1486 1
330 1439 430 1486 annos
466 1420 669 1504 undeuiginti
705 1427 802 1486 natus
842 1421 1016 1490 exereitum
1059 1423 1184 1508 priuato
1229 1423 1436 1521 consiliot
1404 1429 1436 1488 et
1473 1423 1598 1522 priuata
1634 1399 1795 1509 impensa

331 1523 514 1611 composui
534 1523 648 1610 'aerque
669 1545 702 1590 m
724 1568 867 1587 .....
880 1564 884 1575 ·
892 1567 1371 1589 ...............
1418 1513 1564 1592 leodonis
1594 1545 1778 1612 oppressam

330 1631 379 1706 in
388 1631 570 1696 libertatem
591 1630 755 1696 uindicaui
793 1672 1370 1694 ..................
1395 1631 1532 1696 decretis
1554 1631 1757 1696 honorificis²
1762 1633 1777 1716 )

315 1734 1240 1832 ιιιιιιιοιιιιιιιιιιι...,...............Δ
1266 1779 1609 1798 ...........
1629 1775 1636 1782 -
1635 1781 1777 1798 .....

235 1947 293 2021 21
329 1939 536 2028 patriciorum
566 1960 733 2008 numum
767 1943 843 2008 auxi
875 1945 987 2009 oonml
1024 1943 1173 2028 quintum
1206 1945 1297 2010 iussu
1330 1944 1439 2030 populi
1474 1949 1506 2009 et
1539 1949 1667 2010 senatus
1702 1963 1779 2008 sena

329 2055 400 2114 turn
427 2055 476 2115 tar
504 2047 567 2130 legi
595 2054 629 2112 at
654 2048 689 2111 in
719 2049 887 2114 consulatu
915 2055 1005 2114 sexto
1032 2069 1163 2114 censum
1191 2049 1301 2134 populi
1328 2049 1449 2132 collega
1463 2049 1494 2132 8)
1518 2070 1549 2112 ιιι
1574 2049 1706 2134 agrippa
1729 2049 1778 2130 egi

331 2149 468 2221 lustrum
499 2158 571 2236 post
602 2171 721 2216 annum
755 2152 891 2217 alterum
924 2160 957 2219 st
988 2153 1311 2238 quadragesimum⁴)
1346 2154 1448 2237 leoli)
1485 2173 1547 2237 quo
1581 2153 1681 2218 lustro
1715 2153 1780 2218 oiui

324 2273 384 2320 'um
423 2269 623 2320 rontanomm
663 2255 783 2321 consita
819 2263 896 2322 sunt
932 2257 1037 2343 capita
1080 2259 1292 2343 quadragiens
1331 2263 1465 2322 eentum¹
1496 2257 1599 2321 millia
1636 2263 1667 2322 et
1705 2279 1781 2322 sexa

240 2358 244 2364 ’
279 2377 294 2425 ι
332 2360 420 2444 ginta
440 2360 503 2424 tria
564 2397 1343 2425 .........................
1396 2379 1468 2426 oum
1506 2379 1607 2446 nuper
1643 2362 1780 2426 lustrum

330 2465 418 2528 solus
441 2463 545 2547 leoi⁶)
568 2481 734 2527 censorum
764 2509 772 2525 .
861 2481 873 2526 ·.
897 2510 905 2526 .
931 2509 939 2526 .
965 2455 1007 2527 ιζ·
1032 2512 1040 2527 .
1066 2509 1073 2528 .
1099 2511 1107 2528 .
1138 2467 1263 2551 sinio')
1293 2484 1345 2531 oos
1376 2479 1438 2550 quo
1466 2466 1566 2530 lustro
1589 2485 1684 2530 censa
1706 2471 1782 2530 sunt

326 2569 451 2632 ciuium
487 2587 689 2632 romanorum
728 2608 1072 2632 ...........
1108 2570 1307 2655 quadrageno
1337 2575 1465 2635 centum
1495 2569 1598 2635 millia
1625 2575 1656 2634 et
1678 2569 1779 2634 duocn

328 2679 367 2736 ta
398 2671 530 2753 triginta
561 2671 624 2735 tria
664 2714 905 2734 ........
927 2663 963 2737 in
985 2674 1153 2739 consulatu
1184 2675 1303 2737 fi...
1329 2721 1337 2736 .
1362 2695 1432 2739 oum
1457 2673 1621 2760 nuperime
1644 2672 1781 2736 lustrum

334 2795 408 2839 cum
428 2776 500 2856 lega
519 2775 633 2840 tiberio
664 2818 1074 2840 .............
1111 2785 1201 2844 sext.
1233 2779 1379 2864 pompeio
1403 2785 1435 2843 et
1457 2785 1547 2844 sext.
1578 2777 1705 2862 apuleio
1728 2796 1780 2841 cos

266 2899 297 2942 ιιι
335 2897 398 2961 quo
432 2877 532 2941 lustro
563 2923 1275 2942 ......................
1304 2904 1371 2947 rom
1407 2883 1546 2967 capitum
1583 2880 1780 2964 quadragcns

332 2987 460 3046 centum
482 2981 539 3044 mil
562 3026 1375 3047 .........................
1399 2985 1501 3069 iginta
1524 2991 1555 3048 et
1577 2989 1699 3068 septem
1722 2984 1789 3059 mil,

332 3087 418 3171 legip
453 3107 495 3150 no
533 3132 540 3148 .
567 3133 574 3148 .
600 3133 608 3149 .
700 3134 708 3148 .
734 3134 741 3149 .
767 3123 798 3150 .·
801 3129 1177 3151 ............
1214 3090 1358 3174 exemplo
1388 3090 1543 3154 maiorum
1570 3089 1782 3153 exolescentis

330 3194 396 3256 iam
418 3212 457 3254 ex
479 3212 537 3255 uos
564 3236 1173 3255 ...................
1211 3194 1385 3259 multarum
1413 3209 1519 3257 rerum
1546 3192 1696 3277 exemplo
1723 3193 1781 3256 imi

227 3508 287 3581 3,1
330 3504 458 3567 honoris
485 3503 548 3567 mci
576 3523 673 3567 causa
684 3504 715 3588 ⁸)
746 3511 875 3570 senatus
908 3505 1109 3590 populusque
1142 3522 1290 3569 romanus
1324 3517 1442 3569 annum
1472 3505 1618 3589 quintum
1649 3509 1681 3567 et
1711 3502 1781 3567 deoi

328 3627 418 3671 mum
453 3607 574 3689 mentis
609 3608 749 3672 consulis
781 3608 1003 3692 designauit⁹)
1038 3616 1074 3673 ut
1101 3627 1176 3673 euru
1205 3608 1426 3692 magistratum
1456 3610 1575 3673 inirent
1603 3614 1675 3693 post
1703 3607 1780 3691 quin

330 3711 507 3795 quennium
518 3709 562 3795 ¹⁰)
584 3724 636 3776 ‘ex
672 3729 709 3776 eo
746 3712 798 3776 die
834 3712 895 3777 duo
936 3709 1121 3811 deducti¹¹)
1158 3714 1201 3777 in'
1226 3734 1374 3781 eorumue
1417 3714 1608 3779 interessent
1638 3712 1781 3777 consiliis

330 3814 470 3900 publicis
522 3815 665 3880 decreuit
651 3822 865 3881 tenuatus
905 3818 1028 3919 equites
1078 3823 1186 3947 autem
1238 3818 1370 3882 romani
1410 3816 1555 3881 uniuersi
1605 3816 1782 3901 prinoipem

275 3940 291 3984 ι
331 3963 1205 3984 ...........................
1206 3922 1320 3986 has
1297 3928 1339 3986 rs
1371 3920 1528 4003 argenteis
1559 3920 1655 3985 dona
1642 3926 1710 3985 um
1741 3940 1781 4005 ap

330 4019 534 4108 pellauerunt
614 4034 618 4042 '

329 4127 405 4192 libri
433 4128 556 4196 romani
578 4125 698 4192 uiritim
728 4173 736 4189 .
761 4172 769 4189 .
795 4116 837 4189 ζ’.
863 4174 871 4190 .
896 4174 904 4190 .
929 4115 974 4190 .’.’
996 4175 1004 4190 .
1029 4175 1037 4190 .
1062 4169 1071 4191 ι
1101 4142 1196 4194 conos
1218 4130 1384 4195 numerati
1407 4144 1455 4193 ex
1468 4134 1667 4195 testamento
1664 4132 1736 4213 pa
1737 4148 1781 4191 ris

229 4275 231 4280 -
328 4232 394 4297 mei
416 4238 450 4295 et
469 4231 644 4316 nomini¹')
667 4250 737 4298 meo
760 4277 768 4293 ·
793 4276 801 4293 .
827 4277 835 4293 .
861 4278 869 4294 .
894 4266 902 4299 ι
928 4279 936 4296 .
960 4278 969 4294 .
994 4275 1002 4297 ι
1033 4234 1202 4317 dringenos
1233 4256 1271 4298 ex
1290 4234 1458 4299 bellorum
1485 4233 1649 4298 manubiis
1670 4232 1781 4297 consul

327 4336 492 4420 qulnturo‘
538 4335 614 4400 dedi
672 4337 788 4402 iterum
848 4344 972 4403 autem‘
1009 4340 1042 4403 in
1098 4338 1265 4404 consulatu
1322 4339 1465 4404 deeimo'¹
1501 4356 1539 4403 ex
1591 4338 1781 4423 patrimonio

255 4459 287 4504 ro
328 4453 400 4504 meo
440 4440 491 4504 bis
533 4440 764 4524 quadringenos
801 4443 941 4526 congiari
980 4429 1104 4509 uiritim
1140 4446 1257 4510 iterum
1296 4461 1366 4509 aere
1405 4445 1507 4509 merui
1518 4444 1561 4528 ¹⁸)
1601 4448 1632 4507 et
1670 4442 1780 4507 consul

328 4537 544 4609 undecumum
566 4542 611 4627 ¹⁴)
668 4543 835 4610 duedecim
891 4534 1153 4613 frumentationes
1208 4550 1369 4613 frumento
1424 4548 1575 4632 priuatim
1624 4546 1781 4631 columpio

330 4663 481 4713 emensus
495 4647 539 4732 ³⁶)
577 4668 671 4713 ¹sum
731 4657 764 4715 et
821 4649 993 4716 tribunicia
1052 4658 1209 4738 potestate
1270 4651 1492 4718 duodecimum
1549 4650 1781 4734 quadringenos

312 4914 338 4979 ¹)
357 4931 477 4968 romaeae
501 4916 525 4967 V
622 4913 650 4981 ²)
668 4917 694 4969 in
714 4920 760 4969 ins.
778 4938 793 4969 v
887 4916 915 4980 ⁸)
935 4920 1045 4987 conlega
1062 4939 1077 4970 v
1172 4917 1198 4980 ⁴)
1219 4920 1498 4989 quadragensimumo
1602 4918 1628 4979 5)
1649 4920 1694 4970 ins.
1714 4920 1781 4968 intra

202 5004 375 5066 parentiam
393 5002 446 5070 legi
470 5003 496 5052 V
676 5002 703 5065 ⁶)
731 5006 776 5055 ins.
796 5006 862 5056 intra
877 5008 1035 5071 paracleses
1057 5006 1111 5074 legi
1135 5006 1161 5056 V
1320 5002 1349 5067 ⁷)
1379 5021 1410 5059 oo
1429 5018 1485 5058 ante
1503 5007 1571 5059 sinio
1596 5014 1736 5071 σιριιιιιιιιι
1760 5004 1786 5053 V

202 5084 229 5149 ⁸)
250 5102 359 5142 cauom
376 5106 392 5139 o
548 5084 575 5151 ο)
598 5088 742 5156 disignavlt
757 5107 774 5140 υ
919 5088 1064 5153 10)ιιι“ιι.
1083 5110 1099 5141 ιι
1242 5088 1280 5153 ¹¹)
1361 5094 1440 5144 insu
1585 5089 1623 5154 Ιι)
1643 5091 1747 5143 nomine
1765 5110 1780 5141 υ

202 5169 243 5237 ¹³)
265 5189 365 5227 aarum
384 5174 471 5225 eruic
592 5170 630 5236 ¹⁴)
649 5175 815 5228 undecimum
833 5196 848 5227 c
969 5174 1006 5239 ιδ)
1025 5181 1146 5244 coempto
1166 5177 1299 5230 dimensus
1318 5196 1333 5227 υ
