4400 6175
880 721 925 788 IV,
941 723 973 777 la
984 749 1017 760 -
1031 723 1063 777 16
1605 719 1649 784 51

431 899 510 978 ll‚1
545 895 626 960 biars
648 895 709 983 τῷ]
731 895 863 982 1[δά]φει
889 894 1002 982 [000]ἤο
1031 895 1063 966 ἐξ
1093 895 1277 982 ἐπιΙΙγραφῆς
1305 894 1451 980 ὀνόματος
1479 898 1539 958 τῶν
1569 894 1651 979 ipim

492 1027 523 1110 a·
539 1007 629 1094 [0150
654 1007 847 1094 110000ξοὶ000]
875 1013 882 1079 Ι
912 1007 1077 1093 00101οὴ
1101 1006 1192 1078 αὐτὸς
1213 1005 1486 1092 τετελειώῲΜμι,
1513 1005 1652 1091 s]sie[sos·

492 1139 507 1183 s
539 1121 628 1204 θῆναι
652 1119 718 1206 ὑπὸ]
740 1125 747 1192 Ι
769 1123 828 1183 τῶν
852 1119 933 1204 ἐμῶν
955 1118 1151 1205 κληρονόμων
1174 1117 1312 1189 briccie.

300 1229 410 1295 Forum
419 1230 547 1308 Iulium,
564 1229 603 1294 de
620 1249 681 1314 quo
697 1236 910 1316 exposuerunt
921 1229 1125 1295 Drumaunus
1138 1231 1168 1307 3,
1181 1231 1245 1294 616
1263 1227 1463 1293 etBeclrerus
1479 1251 1510 1314 p.
1518 1229 1582 1293 362
1591 1249 1650 1312 sq„

300 1355 369 1399 cum
392 1334 469 1399 aede
484 1335 617 1400 Veneris
633 1333 808 1400 Genetricis
832 1333 899 1400 sive
915 1333 1054 1398 victricis
1077 1331 1145 1399 sive
1160 1333 1318 1398 Victoriae
1335 1331 1478 1396 Caesaris
1494 1331 1654 1396 dedicauit

301 1437 412 1501 Caesar
428 1443 519 1522 pater
534 1458 561 1501 a.
577 1438 641 1502 108
658 1436 744 1521 Sept.
759 1437 801 1502 14
818 1442 873 1501 001
888 1437 929 1500 25
953 1435 1097 1520 (111043,
1115 1437 1173 1514 223
1198 1435 1334 1521 Appian.
1349 1435 1380 1499 1).
1389 1457 1414 1500 c.
1423 1436 1454 1514 3,
1463 1437 1519 1515 283
1544 1435 1654 1502 uin.

298 1541 321 1618 I,
344 1542 451 1624 poca
475 1540 547 1605 coll.
571 1561 602 1625 p.
616 1541 705 1624 301).
758 1539 823 1604 Nec
845 1545 951 1605 tamen
974 1545 1077 1604 totum
1098 1539 1275 1624 perlectum
1304 1539 1402 1602 inisse
1431 1559 1506 1603 cum
1528 1537 1653 1618 dedica-

299 1651 380 1707 retur
403 1649 528 1729 praeter
550 1643 657 1730 ipsum
679 1644 859 1726 Augustum
882 1643 941 1708 hoc
963 1643 1031 1707 loco
1053 1649 1152 1708 testes
1176 1648 1251 1708 sunt
1272 1641 1422 1708 Nicolaus
1437 1641 1654 1707 Damascenns

300 1747 426 1831 (022),
456 1747 512 1831 qui
534 1746 644 1832 paucis
668 1745 781 1811 diebus
804 1752 876 1811 ante
899 1753 1032 1811 mortem
1060 1745 1213 1811 describit
1235 1747 1401 1810 Caesarem
1429 1745 1593 1811 sedentem
1619 1743 1654 1810 in

300 1850 362 1914 loro
384 1870 443 1915 suo
467 1859 499 1914 et
520 1849 772 1935 redemptoribus
796 1869 890 1936 opera
911 1849 959 1914 ibi
974 1849 1121 1915 iacienda
1134 1850 1319 1927 siccantem,
1343 1849 1653 1926 mulierosum,
1727 1927 1732 1933 ‚

302 1954 374 2018 156:
405 1956 448 2021 11.
462 1954 564 2020 Varro
588 1958 690 2019 trudit
713 1957 754 2018 ub
782 1957 841 2020 boc
865 1954 1079 2038 (Archesiluc)
1100 1956 1221 2036 suctum
1239 1953 1384 2018 Venerem
1411 1955 1598 2035 coactricem
1621 1954 1655 2015 iu

300 2059 369 2138 soro
388 2058 545 2123 Caesaris
566 2068 597 2124 et
608 2061 797 2141 priusquam
811 2060 1032 2123 absolveretur
1045 2060 1255 2140 festinatione
1269 2057 1438 2122 dedicandi
1450 2061 1601 2140 positam.
1613 2093 1653 2106 -

301 2161 443 2228 Oetamm
464 2161 652 2246 profligandi
668 2161 858 2228 vocabulum
874 2162 933 2226 bac
949 2160 1179 2245 significatione
1194 2159 1399 2248 reprehendit
1414 2159 1535 2224 Gellius
1550 2162 1601 2238 15,
1618 2162 1652 2225 50

301 2286 363 2328 cam
385 2267 427 2329 eb
451 2265 629 2347 adpigmdo
652 2274 683 2328 el
706 2267 749 2330 cd
768 2267 941 2348 perniciem
963 2269 1183 2348 interitumque
1206 2267 1385 2330 deducendo
1411 2266 1595 2330 inclinatum
1621 2267 1657 2329 id

297 2378 491 2452 bustumque
509 2371 556 2432 sil
577 2387 759 2451 semperque
778 2389 816 2434 eo
839 2370 947 2448 uerbo,
971 2371 1024 2451 qui
1046 2371 1216 2452 diligenter
1231 2371 1330 2434 locuti
1344 2378 1429 2451 sarsi,
1450 2371 1499 2433 ita
1512 2372 1566 2433 usi
1580 2372 1657 2451 siut,

301 2481 332 2536 ut
349 2473 525 2555 profligare
546 2473 685 2538 dicerent
700 2474 872 2556 prodigere
888 2483 918 2537 el
934 2474 1117 2556 deperdere,
1136 2474 1391 2556 profligatusque
1405 2493 1458 2536 res
1475 2477 1568 2555 quusi
1581 2493 1656 2555 pro·

301 2576 399 2656 lliclos
423 2584 456 2640 et
475 2575 636 2658 perditus,
658 2597 741 2640 nuuc
763 2579 860 2642 audio
884 2577 1032 2659 aedificic
1054 2586 1084 2640 et
1109 2579 1224 2659 templu
1245 2585 1275 2641 et
1296 2579 1364 2640 elio
1378 2579 1448 2659 sere
1461 2580 1561 2642 multu
1576 2599 1658 2660 quae

299 2699 393 2763 prope
411 2679 564 2745 absolute
576 2679 764 2761 adfectaque
779 2689 863 2762 suut,
879 2683 913 2743 iu
927 2679 1100 2762 profligato
1116 2701 1187 2744 esse
1199 2681 1264 2744 dici
1279 2681 1413 2762 ipseque
1424 2701 1496 2745 esse
1507 2683 1570 2744 ium
1582 2703 1657 2763 prc-

300 2781 428 2864 llipula.
537 2781 628 2858 Oucd
649 2785 834 2865 sipuip'curc
856 2786 965 2848 uoluat
988 2787 1042 2866 qui
1060 2785 1266 2867 preliipulum
1288 2787 1406 2866 dicunt,
1429 2788 1462 2849 lsi
1477 2789 1530 2866 qui
1545 2787 1659 2852 Latiae

301 2887 391 2951 locuti
406 2895 494 2968 sumt,
516 2907 579 2950 cors
593 2887 807 2970 profligatum,
825 2889 883 2952 sed
898 2889 1055 2968 adfectum
1070 2888 1228 2951 dicemus.
1262 2887 1374 2971 Itaque
1390 2887 1535 2952 videmus
1551 2890 1658 2972 Augu·

302 2996 381 3056 atum
396 2991 458 3056 hoc
474 2989 542 3074 lopo
558 2990 712 3055 vocabulo
728 3010 823 3056 usum
838 3010 907 3054 esse
920 2989 1148 3072 significatione
1158 2990 1283 3087 vulgari
1293 2990 1396 3074 magis
1408 3011 1504 3076 qnam
1514 2992 1658 3076 probata,

302 3116 493 3182 quamquam
515 3094 574 3160 viri
600 3094 684 3159 docti
707 3094 829 3159 dudum
851 3100 1068 3159 monstrarunt
1091 3093 1203 3159 eadem
1225 3094 1454 3177 significatione
1469 3096 1659 3181 profligandi

301 3200 489 3267 vocabulum
511 3197 659 3283 usurpari
682 3197 828 3282 quamvis
851 3216 921 3263 raro
945 3197 1042 3262 etiam
1064 3196 1149 3283 apud
1174 3197 1356 3263 Ciceronem
1381 3198 1490 3279 (Tusc.
1503 3200 1533 3279 5,
1550 3202 1580 3277 6,
1603 3203 1658 3283 15)

302 3310 330 3369 01
349 3304 479 3370 Livium
501 3302 546 3381 (3,
565 3302 617 3378 50,
637 3302 702 3379 10).

404 3405 580 3471 Basilicam
594 3404 710 3471 Iuliam
726 3404 870 3470 Gesseris
893 3404 1056 3471 dictatoris
1078 3411 1243 3490 praeterea
1265 3414 1511 3472 commemorant
1525 3408 1660 3473 fortasse

303 3510 403 3578 Cicero
430 3509 463 3575 in
492 3509 631 3597 epistula
658 3530 686 3573 a.
701 3510 766 3575 100
796 3509 836 3573 ad
863 3509 1007 3574 Atticum
1035 3510 1156 3597 scripta
1182 3510 1393 3588 (4,16,14),
1424 3510 1480 3576 sed
1508 3510 1660 3598 interprc·

301 3612 428 3679 tationis
450 3612 621 3679 admodum
644 3610 827 3697 ambiguae,
858 3620 940 3679 certa
962 3612 1176 3699 Hieronymus
1198 3612 1233 3677 in
1257 3612 1458 3679 motatione
1480 3636 1520 3678 ex
1543 3616 1661 3701 optimo

302 3723 427 3783 auctore
449 3717 550 3802 petita
573 3718 617 3802 (v.
642 3736 754 3783 comm.
778 3737 887 3782 meum
901 3717 940 3781 de
956 3717 1097 3782 lontibus
1113 3715 1300 3800 Hieronymi
1321 3738 1353 3803 p.
1368 3719 1447 3797 691)
1471 3716 1511 3781 ad
1535 3740 1564 3783 a.
1578 3722 1658 3785 708:

302 3822 417 3888 Romae
440 3822 577 3888 basilice
593 3822 678 3887 Iulia
700 3824 859 3887 dedicato.
899 3820 1052 3885 Dedicata
1077 3826 1126 3886 est
1148 3820 1276 3885 omnino
1298 3841 1363 3884 una
1386 3840 1457 3885 cum
1479 3821 1546 3885 loro
1567 3822 1660 3906 Iulio,

303 3924 338 3989 de
366 3944 431 4011 quo
457 3924 611 4008 vidimus3
643 3944 717 3990 mox
746 3930 852 3989 autem
878 3922 1026 3989 incendio
1055 3921 1178 3987 interiit
1206 3922 1448 4006 obscuraritque
1476 3924 1661 3990 memoriam

302 4027 366 4093 eins
394 4029 498 4095 altera
524 4028 659 4094 basilica
681 4026 765 4093 Iulia
787 4027 940 4111 Augusti,
971 4026 1062 4091 ouius
1092 4025 1195 4111 operis
1224 4026 1438 4091 meminerunt
1464 4026 1561 4092 etiam
1584 4026 1662 4092 Sue·

262 4122 268 4127 ¹
302 4131 406 4197 tonius
431 4132 517 4216 Aug.
535 4134 591 4197 29:
623 4133 778 4215 quaedum
806 4136 903 4197 elium
925 4152 1025 4215 opero
1047 4132 1106 4195 sub
1129 4133 1253 4195 mumius
1281 4134 1404 4212 alieno,
1431 4142 1578 4213 nepotum
1598 4134 1662 4196 sci·

305 4236 373 4299 licet
497 4238 592 4319 fecit,
616 4246 650 4299 ul
670 4239 829 4318 porticum
852 4237 1079 4317 basilicamque
1104 4235 1166 4297 Gai
1190 4243 1220 4297 et
1242 4234 1332 4312 1001,
1356 4241 1388 4298 01
1411 4234 1597 4313 11105617
1622 4234 1663 4299 ad

305 4358 330 4401 a.
347 4340 429 4405 765:
459 4340 479 4423 ἡ
503 4338 576 4403 στοὰ
600 4338 752 4425 ἡἸοολία
775 4338 885 4417 (codd.
910 4338 1027 4417 Λιουία,
1051 4345 1084 4402 01
1106 4337 1179 4402 vide
1200 4338 1376 4403 Beolrernm
1397 4358 1428 4425 p.
1442 4340 1526 4420 543)
1553 4343 1663 4404 καλου-

305 4442 375 4529 μένη
407 4443 591 4530 ᾠκοδομήθη
621 4468 654 4507 ee
679 4444 711 4514 ἐς
732 4444 818 4529 τιμὴν
842 4447 894 4507 τοῦ
921 4466 954 4506 τε
979 4441 1069 4507 Falco
1098 4442 1151 4506 aul
1179 4446 1233 4505 τοῦ
1255 4441 1387 4506 Λουκίου
1414 4446 1481 4511 ree
1503 4440 1662 4529 Καισάρων

305 4548 353 4609 καὶ
374 4545 444 4612 τότε
466 4548 654 4634 καθιερώθη.
705 4546 850 4613 Porticus
873 4546 957 4611 Iulia
985 4546 1175 4630 praeteritur
1202 4545 1237 4611 in
1260 4547 1485 4611 commentario
1508 4566 1572 4611 non
1593 4568 1664 4631 pro·

306 4655 410 4733 pterea
432 4650 517 4736 quod
540 4670 618 4736 opus
641 4651 782 4716 alienum
804 4651 875 4728 fuit,
904 4657 941 4715 01
963 4650 1070 4715 visum
1092 4656 1142 4714 est
1164 4649 1302 4716 Beckcro
1326 4670 1357 4734 p.
1370 4650 1435 4715 340
1450 4651 1567 4727 0621,
1590 4671 1665 4716 nam

306 4772 377 4818 vere
399 4756 537 4839 Augusti
560 4775 639 4841 opus
662 4775 726 4821 non
748 4756 855 4821 minus
879 4754 940 4819 init
969 4774 1066 4837 quam
1094 4752 1229 4818 basilica
1250 4752 1348 4830 Iulia,
1378 4752 1460 4819 sicut
1483 4774 1579 4838 supra
1600 4754 1665 4819 iam

308 4859 351 4940 (p.
364 4859 420 4936 51)
443 4858 692 4936 observavimus,
717 4856 774 4923 sed
796 4857 902 4943 potius
919 4855 1003 4941 quod
1020 4854 1297 4941 comprehenditur
1311 4856 1446 4922 basilica
1459 4858 1551 4922 Iulia.
1591 4858 1665 4922 Por-

307 4958 386 5025 ticus
423 4960 568 5027 dedicata
600 4966 649 5026 est
684 4962 814 5039 0.165;
853 4960 925 5046 ipsa
957 4959 1092 5025 basilica
1124 4959 1268 5024 nondum
1298 4960 1444 5026 absoluta
1474 4967 1557 5039 erat,
1593 4979 1667 5025 cunr

309 5062 469 5147 Augustus
492 5063 570 5131 haec
593 5065 722 5151 scripsit
742 5064 854 5151 paucis
877 5072 950 5130 ante
973 5063 1096 5129 obitum
1118 5062 1299 5141 mensibus,
1322 5062 1408 5129 unde
1431 5064 1527 5130 etiam
1549 5084 1665 5129 nomen

309 5168 408 5250 operis
430 5188 493 5235 non
516 5168 652 5236 dedicati
675 5189 790 5255 ponere
812 5169 916 5235 noluit
938 5167 1073 5254 (Beclrer
1093 5188 1128 5254 p.
1141 5167 1205 5233 305
1229 5188 1261 5233 0.
1275 5167 1366 5252 530).
1402 5167 1535 5238 Videtur
1557 5172 1665 5232 antem
