4400 6175
920 713 952 778 V,
967 713 1087 768 18-’23
1642 715 1683 778 75
1714 671 1717 676 ¹

322 889 481 952 frumento
505 893 610 974 empto
635 887 673 952 ab
699 887 799 952 emico
823 907 879 952 suo
904 889 936 952 C.
954 888 1100 952 Petronio
1123 907 1224 973 nuper
1245 898 1316 955 tum
1337 890 1419 954 lacto
1441 891 1598 974 praefecto
1621 890 1683 952 Ae-

322 991 413 1076 gypti
435 989 563 1077 (ἔπεμπε
587 991 614 1056 δ’
635 992 682 1056 ἐπ’
700 991 853 1075 Αἰγύπτου
876 989 912 1054 τὰ
934 993 1086 1078 χρήματα,
1112 989 1281 1078 Πετρωνίου
1305 994 1358 1076 τὴν
1375 993 1519 1079 ἐπαρχίαν
1536 994 1594 1056 ἀπὸ
1610 991 1682 1056 Καί-

321 1115 415 1180 σαρος
435 1095 624 1182 εἰληφότος);
648 1117 722 1162 mox
745 1096 835 1161 addit
855 1096 984 1162 auxilia*
998 1097 1038 1161 ab
1055 1096 1179 1162 Herode
1200 1097 1300 1162 missa
1321 1118 1392 1162 esse
1413 1096 1453 1161 nd
1469 1097 1595 1162 Aelium
1612 1097 1683 1161 Gal-

320 1197 391 1262 lom
413 1205 541 1284 propter
563 1201 797 1286 expeditionem
820 1201 1000 1266 Arabicam.
1047 1200 1192 1266 Narratio
1215 1200 1291 1264 haec
1316 1201 1464 1286 bipertita
1486 1222 1559 1266 cnm
1581 1202 1683 1286 priore

318 1309 413 1386 parte
436 1304 734 1387 complectaturres
759 1304 889 1382 biennii,
912 1311 1037 1370 tantum
1060 1305 1162 1382 abest,
1185 1311 1221 1370 ut
1236 1305 1376 1370 Petronii
1397 1306 1627 1389 praefecturam
1642 1304 1682 1370 ad

319 1426 349 1468 a.
366 1407 467 1484 72917
472 1407 514 1471 30
536 1407 690 1484 retrahat,
723 1415 758 1473 ut
785 1409 877 1492 longe
907 1409 1023 1474 melius
1053 1409 1219 1474 conveniat
1241 1410 1270 1473 ei
1293 1408 1378 1492 quod
1400 1429 1498 1493 supra
1519 1409 1683 1494 posuimus

318 1509 472 1595 tempori;
496 1531 569 1576 nam
592 1511 719 1576 misisse
742 1511 899 1578 Herodem
922 1513 955 1577 in
981 1515 1161 1598 Aegyptum
1183 1532 1245 1577 non
1269 1519 1341 1597 post
1363 1512 1508 1597 priorem,
1532 1513 1589 1579 sed
1612 1522 1683 1598 post

317 1613 455 1677 alteram
479 1613 608 1680 demum
630 1635 767 1680 messem
789 1616 961 1692 infelicem,
987 1615 1021 1680 id
1045 1622 1093 1680 est
1116 1623 1189 1701 post
1211 1621 1363 1680 aestatem
1387 1636 1414 1678 a.
1429 1617 1502 1692 130,
1527 1617 1605 1680 satis
1629 1639 1681 1702 ap·

317 1724 414 1800 paret
436 1737 535 1801 eoque
559 1715 627 1802 ipso
650 1725 790 1804 tempore
813 1717 950 1784 amicum
973 1717 1091 1784 Herodi
1106 1719 1290 1784 Petronium
1304 1718 1339 1782 iu
1354 1721 1534 1803 Aegyptum
1557 1719 1682 1785 venisse

317 1820 476 1905 Iosephus
499 1822 562 1886 nisi
586 1821 672 1899 dicit,
696 1831 800 1888 tamen
825 1823 953 1888 indicat.
994 1822 1087 1888 Redit
1110 1830 1216 1888 autem
1232 1823 1364 1908 scriptor
1381 1830 1451 1907 post
1470 1823 1682 1888 narrationem

317 1925 468 1990 deleme
498 1925 607 1990 bienni
638 1925 816 1992 absolutam
845 1927 885 1992 ed
913 1947 963 1992 ros
992 1935 1096 2011 gestas
1127 1927 1203 1990 anni
1230 1926 1344 2011 prioris
1372 1925 1533 2009 missaque
1562 1934 1681 1993 aestate

316 2050 350 2092 a.
365 2031 429 2094 129
453 2029 493 2093 ad
517 2029 643 2096 Gallum
666 2031 819 2096 subsidia.
851 2071 892 2084 -
917 2034 1018 2110 Quare
1042 2051 1113 2096 curn
1143 2038 1241 2096 testes
1264 2047 1372 2094 ornnes
1396 2031 1603 2104 consentiant,
1628 2052 1680 2095 ex-

317 2131 463 2216 ploditur
478 2131 631 2217 Kruegeri
655 2134 794 2220 opinatio
817 2155 873 2221 per
896 2155 929 2199 se
945 2154 1057 2220 parum
1074 2135 1250 2220 probabilis
1267 2134 1395 2198 Aelium
1412 2134 1539 2198 Gallum
1553 2135 1588 2200 in
1604 2135 1680 2198 Ara-

319 2236 411 2300 biam
433 2237 605 2302 exercitum
629 2238 759 2304 duxisse
787 2259 815 2303 a.
828 2239 893 2304 730
915 2240 1072 2324 praelecto
1095 2239 1233 2322 Aegypti
1257 2239 1289 2301 0.
1307 2237 1468 2314 Petronio,
1499 2239 1551 2302 cui
1573 2245 1683 2323 postea

317 2341 510 2406 successerit
531 2341 565 2406 in
587 2343 784 2427 praefectura
807 2365 852 2421 ea,
877 2363 980 2427 neque
998 2343 1044 2408 ita
1061 2342 1296 2428 expeditionem
1310 2341 1400 2406 illam
1415 2362 1488 2407 eum
1504 2344 1682 2428 suscepisse

317 2444 356 2509 in
379 2445 450 2529 ipsa
472 2447 681 2531 praelectnra;
706 2467 901 2532 quamquam
923 2469 1026 2532 neque
1049 2454 1266 2533 apparetque
1288 2446 1351 2512 alio
1366 2447 1494 2512 nomine
1511 2447 1541 2511 ei
1555 2447 1681 2532 expedi-

316 2548 402 2612 tioni
424 2551 594 2634 praefuerit
616 2551 667 2615 vel
691 2550 769 2616 adeo
791 2571 938 2636 praeesse
961 2550 1099 2636 potnerit
1128 2550 1192 2614 nisi
1215 2551 1430 2635 praefecturae
1453 2551 1679 2635 Aegyptiacac;

319 2659 484 2736 praeterea
506 2654 700 2738 praefectum
716 2654 852 2738 Aegypti
876 2675 948 2718 eum
971 2661 1040 2720 tum
1059 2653 1159 2718 fnisse
1175 2653 1332 2736 significat
1347 2653 1470 2719 Plinius
1491 2656 1618 2739 (6,160
1640 2657 1679 2719 cf.

321 2757 403 2822 181:
429 2759 539 2821 Aelius
556 2760 667 2822 Gallos
689 2780 728 2822 ea
743 2761 883 2840 equestri
900 2759 1036 2840 ardiae),
1060 2765 1196 2822 testatur
1210 2758 1270 2823 Dio
1288 2760 1339 2835 63,
1357 2761 1410 2823 29.
1448 2759 1495 2822 Ι)ο
1510 2759 1681 2843 expeditio-

319 2860 373 2923 nis
389 2859 545 2926 Arabieae
564 2861 698 2926 termino
719 2870 843 2947 praeter
863 2861 1124 2927 commentarium
1145 2862 1324 2926 conferendi
1340 2861 1463 2927 Plinius
1484 2862 1516 2926 h.
1532 2885 1562 2928 n.
1580 2865 1610 2939 6,
1628 2864 1680 2938 28,

325 2965 403 3028 159:
432 2965 572 3045 &olimpii
587 2986 717 3048 qaorum
733 2967 857 3029 Marica
874 2965 933 3046 (ita
949 2964 1036 3046 libri)
1050 2967 1197 3046 oppidum
1212 2968 1373 3045 significat
1390 2968 1532 3029 dominos
1549 2970 1682 3030 carrium

321 3074 354 3133 et
371 3067 482 3151 §1602
508 3071 619 3135 Gallae
635 3072 756 3155 oppida
771 3071 870 3133 diruit
964 3078 994 3133 et
1010 3090 1111 3152 sopra
1127 3069 1243 3134 dictam
1260 3069 1416 3134 Maribam
1436 3070 1495 3151 (ita
1509 3069 1596 3150 libri)
1620 3073 1680 3135 cir-

323 3178 410 3237 cuita
427 3173 531 3241 Vrmil.
543 3196 588 3257 ρ,
606 3175 678 3239 item
694 3176 886 3257 Caripetam,
903 3194 964 3256 ρυο
982 3177 1167 3257 turpissime
1179 3178 1350 3256 prooessit,
1367 3182 1398 3239 et
1409 3172 1522 3237 Strabo
1536 3176 1586 3248 16,
1596 3175 1626 3249 4,
1639 3175 1680 3237 24

321 3278 443 3362 praa:
468 3275 511 3348 εἰς
525 3277 608 3343 πόλιν
625 3278 809 3367 Μαρσυαβαὶ
833 3278 891 3361 (ita
906 3278 994 3363 libri)
1015 3278 1165 3365 προῆλθεν
1187 3278 1338 3362 (Gallus)
1354 3277 1460 3348 ἔθνους
1476 3276 1680 3363 τῶνῬαμμα-

321 3384 424 3458 νιτῶν,
454 3382 482 3444 ol
504 3378 579 3466 ἦσαν
603 3382 660 3446 ὑπὸ
678 3380 838 3468 Ἰλασοίρῳ.
890 3380 1003 3447 Dicert
1026 3382 1153 3447 nomine
1177 3390 1261 3447 certe
1283 3382 1343 3447 Dio
1359 3382 1410 3460 53,
1428 3384 1485 3448 29ε
1513 3382 1602 3468 μέχρι
1622 3388 1680 3447 τῶν

325 3482 499 3549 ’Atracem
522 3486 716 3570 καλουμένων
739 3486 853 3571 χωρίου
876 3487 954 3555 τινὸς
977 3486 1139 3571 ἐπιφανοῦς
1161 3486 1333 3572 ἐχώρησαν.
1377 3485 1503 3573 Oppida
1527 3487 1683 3553 Maribam

321 3596 356 3653 et
387 3589 567 3673 Caripetam
596 3597 718 3655 constat
741 3588 835 3653 hodie
866 3588 929 3652 dial
952 3588 1054 3653 Marib
1077 3595 1111 3653 et
1133 3586 1284 3666 Chiriba,
1310 3610 1444 3672 quorum
1465 3590 1546 3654 illud
1570 3598 1619 3655 est
1641 3591 1680 3654 ab

261 3744 269 3761 ,
321 3694 443 3758 oriente
466 3693 578 3773 Sanae,
604 3691 741 3759 Chiriba
763 3692 827 3757 diei
849 3694 962 3758 itinere
985 3699 1110 3757 tanturn
1133 3692 1231 3757 distat
1252 3712 1272 3757 a
1294 3690 1407 3757 Marib.
1444 3693 1613 3757 Diversum
1636 3694 1681 3756 vi-

321 3796 417 3860 detur
444 3796 568 3863 Mariba
597 3797 749 3883 oppidum
777 3796 815 3860 de
846 3817 908 3881 quo
940 3796 1063 3879 agimus
1093 3796 1134 3859 ab
1170 3795 1270 3860 altero
1299 3796 1492 3860 Sabaeorum
1520 3796 1680 3879 primario,

320 3898 409 3985 quod
432 3900 581 3968 Straboni
603 3902 719 3967 dicitur
735 3903 885 3965 Mariaba
909 3902 977 3985 (16,
993 3902 1024 3977 4,
1043 3902 1062 3965 2
1084 3920 1116 3984 ρ.
1129 3900 1193 3963 768
1216 3905 1248 3963 et
1270 3920 1308 3962 ex
1331 3898 1485 3962 Strabone
1500 3897 1680 3983 Stephanus

320 4026 355 4089 p.
368 4005 433 4069 433
449 4006 561 4090 Mein.)
584 4006 636 4070 vel
652 4008 798 4071 Mariaba
820 4006 888 4088 (16,
905 4007 935 4081 4,
952 4006 991 4069 19
1015 4024 1045 4088 ρ.
1056 4004 1147 4087 778),
1171 4002 1275 4067 Plinio
1292 4005 1322 4080 6,
1338 4004 1391 4079 28,
1410 4004 1472 4067 150
1488 4005 1681 4067 Marelibata

320 4108 375 4173 vel
399 4111 582 4191 Antidota,
613 4109 801 4185 Ptolemaeo,
824 4110 855 4185 6,
872 4110 902 4185 1,
919 4108 960 4172 31
986 4109 1153 4172 Mariama.
1205 4106 1324 4183 Quodsi
1351 4106 1390 4170 de
1418 4106 1533 4191 oppido
1559 4107 1682 4171 Mariba

318 4230 494 4277 consensus
519 4220 567 4277 est
589 4214 671 4277 inter
694 4214 874 4295 Augustum
898 4219 930 4277 et
952 4212 1090 4294 reliquos
1115 4218 1266 4287 auctores,
1290 4210 1324 4273 id
1348 4210 1432 4293 quod
1455 4210 1552 4274 adicit
1573 4232 1680 4295 perre-

316 4315 409 4381 nisse
432 4318 605 4381 exercitum
627 4338 725 4399 usqae
748 4321 781 4381 ia
803 4320 881 4398 fiaes
906 4318 1110 4397 Sabaeorum,
1137 4336 1210 4379 oum
1233 4315 1342 4379 Gallus
1371 4316 1550 4399 pervenerit
1571 4337 1680 4379 secun·

318 4421 400 4485 dum
424 4420 611 4486 Strabonem
633 4420 673 4485 ad
696 4421 952 4497 Rhammanitae,
984 4420 1159 4485 secundum
1189 4419 1330 4484 Plinium
1359 4420 1399 4482 ad
1429 4419 1603 4501 Calingios,
1635 4419 1680 4483 ita

318 4525 541 4608 accipiendum
570 4530 650 4602 est,x
665 4531 701 4588 ut
724 4526 886 4607 Augustus
916 4524 1035 4608 pariter
1064 4530 1160 4607 atque
1188 4522 1439 4605 Agatharchides
1461 4522 1679 4587 Artemidorus

318 4626 443 4711 (Strab.
461 4629 511 4705 16,
527 4630 558 4705 4,
578 4630 617 4692 19
633 4631 691 4712 p.7
696 4628 753 4711 78)
777 4628 932 4693 Diodorus
962 4628 1127 4693 meridiem
1149 4628 1288 4693 Arabiae
1316 4628 1350 4691 in
1378 4628 1577 4703 universum,
1606 4627 1680 4691 licet

317 4732 427 4797 minus
450 4740 543 4810 recte,
567 4732 715 4798 tribuerit
738 4732 868 4799 Sabaeis
893 4734 1055 4817 (Mannert
1077 4736 1109 4809 6,
1128 4734 1155 4810 1,
1174 4734 1242 4815 60).
