4400 6175
753 695 908 750 'l'lTVLVS
928 695 1148 750 nrsvnmnvs
1570 692 1632 756 113

279 870 419 934 honorem
442 867 635 952 singularem
658 868 753 953 plane
776 868 943 952 legationis
967 867 1116 952 Syriacae
1143 867 1276 932 iteratae
1302 867 1381 932 item
1402 866 1506 932 rideri
1531 865 1631 932 fuisse

279 979 408 1057 tempore
431 965 634 1058 postrem'um,
666 970 699 1034 id
722 977 771 1036 est
792 971 923 1036 titulum
938 972 985 1036 ita
1000 972 1155 1056 scriptum
1178 989 1258 1046 esse,
1280 977 1318 1035 ut
1340 993 1359 1034 a
1379 969 1556 1035 minoribus
1576 969 1630 1036 ho·

279 1076 397 1140 roribus
415 1073 601 1160 procedatur
617 1073 656 1138 ad
673 1075 817 1152 maiores,
835 1096 908 1152 non,
932 1080 968 1140 ut
982 1075 1105 1159 placuit
1119 1074 1267 1158 Zumptio
1284 1075 1412 1157 (comm.
1429 1074 1630 1160 epigraphi

278 1179 398 1262 p.110),
424 1177 532 1243 ordine
554 1177 690 1242 inverso.

315 1283 364 1346 IV.
411 1282 443 1346 Is
466 1280 505 1345 de
528 1299 590 1364 quo
614 1281 719 1364 agitur
741 1281 884 1364 Augusto
907 1287 1068 1366 superstes
1091 1280 1497 1365 ο111133313.3.3.767.

377 1385 530 1462 Quattuor
551 1383 630 1448 haec
652 1383 772 1448 indicia
794 1384 1046 1469 expendentibus
1069 1383 1164 1448 facile
1191 1383 1358 1468 apparebit
1380 1403 1507 1450 omnem
1529 1385 1629 1450 nomi-

277 1487 319 1551 nis
342 1495 426 1554 certa
446 1488 568 1552 ratione
590 1487 798 1573 recuperandi
821 1509 911 1573 spem
933 1487 1071 1573 positam
1094 1508 1164 1552 esse
1185 1488 1221 1551 in
1243 1487 1455 1569 legationibus
1474 1487 1626 1572 Syriacis3

276 1591 389 1674 reliqua
412 1590 498 1656 enim
519 1589 582 1654 tria
603 1600 670 1655 tam
692 1591 802 1656 multis
826 1589 1009 1656 hominibus
1032 1589 1214 1656 communia
1235 1591 1372 1668 fuerunt,
1396 1599 1433 1657 ut
1455 1591 1496 1656 ad
1518 1593 1628 1658 confir·

276 1695 418 1760 mandum
447 1702 478 1760 et
506 1694 710 1759 refutandum
737 1695 840 1778 magis
870 1696 998 1760 valeant
1027 1715 1124 1778 quam
1153 1693 1193 1758 ad
1225 1693 1460 1760 inveniendum.
1518 1695 1628 1779 Syriae

276 1804 371 1863 autem
385 1798 483 1881 legati
499 1798 538 1862 ab
555 1817 583 1860 a.
599 1795 750 1862 1313731
768 1798 975 1864 innotuerunt
989 1798 1023 1863 hi
1039 1799 1086 1882 (v.
1098 1795 1244 1862 Ncrisins
1257 1803 1359 1862 cenot.
1371 1797 1434 1862 Pis.
1451 1799 1553 1883 3289
1567 1817 1626 1882 sq.;

278 1900 486 1966 Sanclemente
510 1901 531 1968 l.
549 1923 575 1966 3.
598 1923 629 1986 p.
643 1903 707 1966 417
721 1921 788 1984 sq.;
813 1902 979 1988 Zumptius
1003 1922 1115 1967 comm.
1140 1901 1238 1986 epigr.
1263 1901 1283 1964 2
1306 1922 1336 1986 3.
1352 1906 1391 1968 71
1410 1904 1490 1986 sq.):

343 2009 370 2068 1.
409 2005 452 2069 Μ.
477 2004 652 2090 Agrippa
674 2005 732 2070 toti
755 2004 874 2070 Orienti
898 2006 1035 2090 praefuit
1058 2005 1098 2070 ab
1122 2026 1150 2068 3.
1172 2026 1205 2070 3.
1222 2025 1249 2071 c.
1266 2005 1328 2069 731
1354 2004 1394 2069 ad
1421 2026 1450 2070 a.
1467 2007 1543 2069 741.
1589 2005 1627 2069 ld

276 2109 369 2192 ipsum
389 2107 544 2193 Iosephus
568 2108 646 2173 dicit
668 2107 767 2191 antiq.
786 2111 836 2186 16,
854 2109 884 2186 3,
904 2110 940 2172 3:
965 2110 1041 2194 perd
1063 2110 1115 2194 τὴν
1140 2109 1283 2192 διοίκησιν
1305 2111 1364 2172 τῶν
1389 2109 1436 2171 ἐπὶ
1458 2113 1511 2191 τῆς
1530 2107 1628 2177 Ἀσίας

276 2213 393 2297 δεκαετῆ
416 2209 632 2296 γεγενημένην,
655 2211 747 2276 133113
770 2210 951 2277 1333133133
969 2213 1146 2298 313331133,
1170 2212 1221 2276 331
1237 2231 1300 2275 333
1316 2218 1365 2275 331
1379 2232 1434 2275 333
1456 2211 1552 2276 fidem
1574 2233 1627 2276 ne·

276 2337 384 2398 gemus.
419 2316 539 2380 Verum
564 2314 691 2398 quidem
715 2321 764 2380 est
786 2335 890 2398 neque
907 2317 1080 2402 Agrippam
1102 2337 1159 2402 per
1175 2323 1278 2380 totum
1293 2314 1375 2378 illud
1390 2314 1578 2379 decennium
1593 2314 1628 2378 in

274 2419 332 2483 illis
354 2420 498 2505 partibus
522 2419 631 2496 fuisse,
656 2417 711 2482 sed
728 2439 826 2484 annos
840 2420 903 2484 733
912 2424 974 2483 -7
978 2419 1018 2484 37
1036 2420 1153 2504 333113
1170 2419 1205 2483 13
1219 2419 1308 2494 urbe,
1333 2418 1450 2502 partim
1463 2417 1499 2481 in
1515 2417 1627 2482 Galliis

274 2522 491 2607 Hispaniisque
507 2521 649 2604 exegisse
665 2529 761 2586 31333
777 2521 824 2585 ibi
840 2521 1089 2599 administrasse,
1108 2521 1255 2606 3113333
1266 2523 1447 2603 Augustum
1458 2540 1515 2604 per
1527 2523 1626 2586 3733

278 2628 553 2692 -7353333133
575 2644 644 2689 esse
667 2625 701 2688 13
724 2625 895 2710 provinciis
918 2632 1006 2690 trans
1030 2645 1117 2689 mare
1131 2625 1266 2689 lonium.
1301 2625 1345 2687 At
1359 2623 1451 2687 illum
1468 2625 1627 2710 Agrippae

275 2729 440 2795 inltaliam
461 2729 599 2793 reditum
622 2728 783 2792 conciliari
805 2747 898 2812 posse
922 2749 994 2794 cum
1010 2728 1149 2793 Orientis
1172 2726 1446 2791 administratione
1463 2726 1627 2793 decennali

277 2833 335 2917 ipse
356 2833 512 2918 Iosephus
535 2832 648 2915 arguit,
679 2832 796 2916 quippe
820 2831 875 2915 qui
897 2837 964 2896 tam
986 2832 1079 2896 illum
1103 2834 1170 2916 (16,
1188 2833 1218 2906 2,
1239 2833 1271 2910 1)
1296 2849 1390 2912 quam
1415 2830 1496 2894 hanc
1519 2841 1625 2916 ponat,

276 2957 324 3000 nec
345 2937 430 3022 quod
452 2937 487 3000 in
508 2935 694 3020 proconsule
717 2934 859 3016 legatove
882 2933 933 2999 ius
956 2933 1152 3001 ordinarium
1174 2931 1316 3014 requirit,
1341 2938 1424 2996 recte
1439 2935 1627 2998 transfertur

276 3040 309 3105 ad
328 3042 502 3127 Agrippam
526 3037 663 3123 Augusti
685 3037 838 3121 collegam
860 3037 961 3121 magis
985 3057 1083 3122 quam
1106 3036 1281 3101 adiutorem
1305 3035 1433 3101 atinde
1456 3036 1496 3101 31
1520 3058 1548 3101 3.
1561 3038 1625 3103 736

275 3144 303 3207 13
325 3147 392 3231 1333
423 3144 596 3209 1311331313
617 3148 772 3228 potestate
796 3142 933 3219 socium,
963 3141 1019 3226 qui
1048 3142 1144 3206 etiam
1172 3140 1310 3205 vicarius
1333 3140 1477 3205 Caesaris
1499 3142 1532 3205 in
1555 3163 1625 3227 pro·

275 3249 374 3315 vinciis
402 3247 626 3313 transmarinis
664 3247 738 3330 (τοῦ
764 3245 856 3331 πέραν
881 3245 988 3310 Ἰονίου
1019 3246 1160 3331 διάδοχος
1190 3242 1341 3329 Καίσαρι)
1375 3244 1464 3309 audit
1491 3246 1626 3331 Iosephe

275 3353 332 3435 (le,
350 3357 401 3432 10,
422 3353 455 3433 2)
480 3352 595 3434 cuique
618 3356 758 3435 potestas
781 3350 838 3414 illa
860 3350 907 3414 ita
929 3349 998 3415 dari
1014 3351 1127 3434 potuit,
1151 3356 1188 3414 ut
1204 3349 1233 3412 ei
1248 3349 1358 3413 liceret
1373 3349 1402 3412 si
1416 3347 1514 3414 vellet
1530 3351 1626 3415 etiam

273 3462 350 3520 extra
363 3457 527 3522 Orientem
551 3476 642 3538 agere
660 3454 785 3538 aliaque
801 3475 874 3518 cum
889 3454 947 3518 hac
963 3460 1119 3539 potestate
1134 3453 1270 3538 imperia
1285 3453 1484 3535 coniungere.
1519 3454 1626 3538 Ipsam

274 3558 425 3647 Agrippae
448 3565 637 3645 potestatem
659 3558 835 3621 accuratius
859 3557 991 3620 definire
1015 3558 1150 3622 arduum
1175 3563 1232 3634 331,
1257 3577 1330 3621 333
1353 3556 1539 3640 3333333113
1563 3576 1625 3640 quo

273 3666 389 3729 nemine
416 3663 586 3748 provinciis
609 3662 789 3747 praefuerit,
814 3682 833 3724 a
855 3660 981 3724 nemine
997 3660 1115 3724 diserte
1131 3661 1292 3744 preditum
1309 3659 1493 3724 habeamus.
1532 3659 1625 3722 Zum-

273 3768 348 3849 ptius
365 3776 419 3853 (p.
433 3769 474 3831 79
491 3773 555 3851 sq.)
577 3786 648 3830 eum
665 3764 765 3829 credit
779 3764 871 3828 initio
887 3764 937 3828 ius
953 3784 1016 3827 non
1032 3764 1183 3827 habuisse
1199 3763 1233 3826 in
1249 3762 1427 3848 provincias
1442 3761 1552 3846 populi
1565 3762 1625 3825 Ro-
1676 3786 1684 3794 ’

271 3872 356 3947 3331,
380 3890 442 3935 333
464 3888 544 3951 nego
559 3869 718 3953 Agrippae
742 3867 910 3951 imperium
926 3873 1035 3951 postea
1050 3866 1159 3947 augeri
1174 3866 1325 3950 potuisse,
1348 3867 1481 3929 fortasse
1498 3864 1624 3948 quando

271 3973 467 4040 tribuniciam
489 3978 676 4058 potestatem
699 3971 821 4057 3333311
843 3971 969 4055 aliaque
994 3970 1150 4053 quaedam
1172 3968 1356 4055 imperatori
1371 3975 1532 4033 reservata
1547 3968 1623 4051 (Dio

272 4078 315 4155 54,
333 4081 406 4164 m);
432 4077 514 4142 atsi
538 4077 609 4159 quis
632 4077 672 4139 ab
695 4076 764 4160 1333
788 4074 879 4139 131113
904 4096 975 4138 333
1003 4074 1099 4159 31333
1121 4079 1276 4158 potestate
1300 4093 1373 4136 eum
1395 4073 1531 4137 missum
1553 4092 1623 4136 esse

270 4186 389 4262 statuat,
415 4202 479 4247 non
502 4180 594 4245 video
618 4180 734 4262 quibus
751 4179 945 4262 argumentis
961 4179 1065 4243 refelli
1086 4178 1197 4263 possit.
1232 4176 1298 4242 Hoc
1314 4187 1447 4254 constat,
1471 4181 1507 4240 ut
1522 4175 1624 4261 primo

271 4289 404 4370 tempore
420 4284 562 4370 Agrippa
583 4284 634 4346 ius
658 4302 718 4347 nen
743 4282 890 4346 habuerit
911 4282 946 4345 in
965 4281 1076 4347 Asiam
1100 4288 1132 4345 et
1153 4280 1348 4364 Bithyniam,
1372 4299 1436 4343 non
1459 4284 1625 4364 propterea

270 4388 323 4451 soli
338 4388 449 4474 Syriae
472 4408 546 4452 eum
567 4387 752 4471 praefuisse,
777 4391 813 4450 ut
828 4387 975 4471 opinatur
991 4384 1170 4469 Zumptius‚
1195 4383 1251 4448 sed
1266 4388 1430 4468 praeterea
1443 4382 1625 4467 provinciae

270 4488 404 4557 Galatiae
427 4498 460 4556 et
481 4490 573 4555 alteri
589 4488 796 4574 Pamphyliae
811 4490 903 4553 factis
927 4510 956 4556 a.
969 4490 1045 4565 729,
1067 4489 1145 4553 item
1162 4489 1273 4580 prro,
1298 4487 1396 4551 donec
1419 4486 1626 4570 imperatoria

269 4602 413 4674 maneret,
437 4595 471 4660 id
495 4601 544 4659 est
566 4594 605 4659 ad
630 4616 657 4658 a.
671 4594 746 4659 732.
781 4595 911 4658 Oonstat
933 4593 1012 4657 item
1025 4591 1197 4677 imperium
1213 4591 1281 4654 eius
1297 4590 1526 4675 posterioribus
1543 4596 1626 4654 certe

268 4698 353 4763 annis
382 4699 478 4765 etiam
507 4698 547 4761 ad
574 4698 727 4763 Achaiam
751 4704 783 4762 et
809 4698 921 4762 Asiam
950 4696 1156 4779 reliquasque
1180 4694 1290 4780 populi
1312 4695 1491 4779 provincias
1519 4694 1626 4777 aliquo

268 4802 355 4867 modo
379 4803 579 4888 pertinuisse.
632 4801 768 4865 Difficile
797 4809 902 4865 autem
926 4806 975 4864 est
997 4798 1143 4875 definire,
1176 4798 1318 4883 Agrippa
1345 4805 1454 4861 utrum
1477 4818 1533 4861 suo
1557 4797 1626 4861 1333

269 4922 305 4966 33
326 4906 461 4990 Augusti
484 4906 644 4971 Orientem
667 4905 797 4981 rexerit,
827 4904 861 4967 id
891 4909 939 4967 est
961 4910 1069 4966 utrum
1099 4903 1140 4965 ad
1169 4901 1352 4985 exemplum
1374 4902 1512 4985 Augusti
1540 4906 1626 4985 pote-

268 5012 376 5073 statem
399 5011 653 5095 proconsularem
676 5010 745 5094 ipse
768 5009 924 5093 acceperit
941 5026 987 5071 'an
1010 5007 1133 5089 legatus
1163 5005 1259 5070 fuerit
1281 5005 1418 5088 Augusti
1441 5026 1514 5069 eum
1536 5010 1622 5088 pote-

268 5115 343 5175 state
366 5114 628 5195 extraordinaria3
654 5112 693 5177 de
716 5132 780 5196 qua
804 5111 986 5197 quaestione
1002 5111 1127 5195 pendet
1150 5110 1252 5174 altera
1274 5110 1313 5174 de
1336 5110 1404 5174 iure
1427 5129 1545 5184 eorum,
1570 5106 1626 5188 qui
1695 5093 1701 5110 “

1396 5236 1412 5287 8
