4400 6175
1574 731 1679 786 XXVII

322 911 371 974 ibi
400 929 516 976 nomen
540 907 609 974 eius
631 912 668 972 ut
694 914 752 991 'par
780 913 847 971 erat
876 905 1046 990 adscripsi3
1077 911 1187 970 contra
1213 905 1309 970 tacite
1331 906 1436 990 recepi
1459 907 1680 990 supplementa

323 1011 488 1095 vulgaria,
518 1009 552 1073 id
575 1016 624 1073 est
646 1030 684 1072 ea
707 1028 788 1092 quae
810 1028 873 1072 non
898 1009 954 1091 qui
982 1007 1126 1072 inveniat
1147 1006 1325 1071 laudandus
1349 1007 1405 1084 sit,
1435 1008 1492 1072 sed
1514 1009 1679 1094 reprehen-

323 1115 447 1182 dendus
470 1113 527 1197 qni
548 1132 612 1178 non
633 1112 786 1176 inveniat.
811 1147 852 1158 -
882 1112 1002 1174 Graeca
1024 1131 1062 1176 ea
1082 1110 1221 1176 maxime
1240 1130 1326 1192 quae
1349 1111 1511 1176 adinvenit
1533 1113 1679 1178 Perrotus
1725 1123 1729 1130 ’

323 1218 472 1302 (namin
492 1215 739 1281 Hamiltonianis
755 1214 907 1279 Francius
928 1215 993 1280 iam
1014 1215 1166 1300 pleraque
1190 1219 1273 1280 recte
1296 1213 1468 1299 ordinavit)
1491 1235 1564 1280 mea
1585 1236 1682 1280 causa

324 1320 489 1386 constituit
511 1319 724 1384 Kirobholtius
748 1317 869 1382 amicus
892 1325 925 1382 et
946 1318 1081 1400 collega,
1114 1317 1204 1382 cuius
1228 1337 1298 1382 esse
1322 1318 1428 1382 omnia
1449 1318 1557 1402 paullo
1580 1318 1681 1401 magis

324 1425 483 1509 exquisita
505 1431 537 1490 et
559 1427 686 1508 repertu
702 1421 890 1499 difficiliora,
913 1430 980 1486 ῖοιιι
995 1442 1042 1498 ea,
1066 1421 1185 1505 quibus
1200 1442 1314 1488 nomen
1330 1420 1398 1486 eius
1414 1421 1569 1506 adscripsi
1586 1443 1682 1505 quam

322 1529 380 1592 ubi
401 1548 466 1593 non
489 1533 538 1592 est
560 1527 765 1610 adscriptum,
790 1526 869 1590 scito
893 1526 949 1609 qui
971 1527 1049 1590 haec
1064 1526 1156 1609 leget.
1191 1526 1239 1590 Ex
1253 1525 1511 1610 interpretatione
1528 1535 1682 1609 quantum

321 1615 565 1716 profecerimus,
595 1649 658 1694 non
687 1648 766 1713 opus
788 1635 837 1693 est
860 1628 1092 1707 demonstrare;
1125 1649 1188 1694 non
1211 1629 1314 1694 solum
1338 1627 1478 1712 explevit
1506 1649 1544 1692 ea
1573 1629 1681 1711 ingen-

322 1743 388 1800 tem
412 1734 547 1809 hiatum,
576 1734 632 1818 qui
654 1733 824 1818 intercepit
846 1733 975 1798 tabulae
997 1734 1118 1818 primae
1141 1754 1252 1798 versus
1275 1733 1412 1798 sedecim
1427 1738 1602 1817 postremos
1618 1734 1682 1797 fere

324 1844 420 1914 totos,
450 1837 507 1901 sed
538 1837 636 1902 etiam
663 1837 737 1902 aliis
759 1837 838 1902 locis
860 1837 1009 1921 plurimis
1035 1837 1071 1902 in
1093 1844 1183 1922 parte
1205 1837 1319 1902 Latina
1342 1836 1425 1900 male
1448 1835 1567 1900 habitis
1590 1856 1682 1920 opem

324 1941 409 2006 tulit.
461 1942 537 2026 Ipsa
558 1947 666 2005 tamen
687 1961 747 2004 nec
777 1940 855 2004 satis
880 1940 998 2004 Graeca
1026 1948 1074 2005 est
1096 1960 1200 2024 nsque
1222 1933 1342 2026 scripta
1364 1941 1404 2004 ab
1427 1940 1554 2005 homine
1576 1961 1682 2006 rerum

323 2044 443 2129 perito,
474 2064 588 2129 nempe
616 2063 669 2121 eo,
700 2044 756 2126 qui
783 2043 899 2128 puerili
928 2063 1031 2108 errore
1059 2044 1093 2108 in
1116 2043 1239 2110 Latinis
1263 2046 1297 2120 2,
1318 2047 1356 2108 17
1382 2044 1571 2110 vocabulum
1598 2045 1683 2129 quod

325 2152 373 2212 est
402 2156 555 2230 quattuor
587 2167 652 2211 non
681 2146 722 2210 ad
751 2146 885 2228 collegia
912 2146 1085 2223 rettulerit,
1116 2146 1171 2210 sed
1202 2145 1242 2211 ad
1272 2146 1448 2210 sacerdotes
1476 2147 1585 2230 itaque
1615 2169 1683 2212 sen-

325 2250 459 2315 tentiam
480 2249 575 2333 plane
599 2249 787 2334 perverterit
813 2251 859 2332 (v.
882 2250 992 2332 pil).
1041 2250 1207 2314 Praeterea
1234 2250 1355 2334 passim
1383 2249 1538 2332 quaedam
1567 2251 1682 2328 omisit,

324 2354 463 2418 maxime
485 2372 567 2435 quae
590 2351 719 2417 difficile
741 2351 848 2415 risum
870 2357 920 2415 est
940 2351 1066 2437 proprie
1089 2359 1211 2417 nemore
1233 2353 1459 2437 topographica
1483 2353 1550 2436 (ita
1566 2353 1635 2418 Lat.
1653 2355 1682 2430 2,

325 2458 366 2520 29
390 2460 484 2519 iacto
506 2458 613 2520 oedem
633 2457 774 2521 Honorio
798 2465 829 2520 ct
851 2455 985 2519 Virtutis
991 2478 1005 2530 ,·
1033 2456 1101 2522 Lat.
1115 2458 1146 2532 4,
1165 2458 1207 2538 20
1229 2456 1374 2540 pontium
1394 2457 1536 2534 nomina;
1570 2458 1637 2522 Lat.
1654 2461 1683 2536 6,

324 2560 366 2624 33
379 2562 557 2640 pulvinar),
580 2557 637 2622 sed
660 2557 757 2622 etiam
780 2558 847 2622 solo
870 2557 1035 2622 brevitatis
1051 2557 1157 2622 studio
1174 2558 1331 2641 quaedam
1346 2561 1502 2624 contraxit
1524 2561 1682 2643 (uincor.

325 2669 356 2726 et
377 2663 495 2744 Laco,
515 2663 564 2746 1),
596 2661 660 2725 alia
691 2683 766 2726 casu
790 2662 966 2746 praeteriit,
997 2669 1034 2726 ut
1056 2663 1208 2726 Artaxias
1238 2683 1353 2728 nomen
1377 2664 1411 2739 5,
1430 2665 1485 2744 253
1517 2663 1550 2727 in
1579 2665 1685 2730 verbis

326 2773 433 2832 autem
455 2766 536 2831 iuris
558 2764 681 2849 publici
695 2765 909 2830 Romanorum
932 2765 1102 2830 reddendis
1123 2773 1267 2851 apertum
1283 2773 1332 2832 est
1347 2787 1441 2851 saepe
1457 2788 1530 2833 eum
1543 2767 1685 2832 haesisse

326 2876 357 2934 et
377 2869 507 2954 propria
534 2867 711 2932 reddidisse
741 2868 962 2932 communibus
991 2868 1059 2932 sive
1089 2888 1147 2932 sua
1177 2869 1270 2952 culpa
1293 2869 1360 2932 sive
1387 2869 1458 2953 ipsa
1480 2870 1590 2952 lingua
1611 2870 1685 2934 defi-

326 2972 439 3036 ciente.
492 2973 607 3036 Contra
634 2990 794 3053 nusquam
824 2970 862 3034 de
891 2991 948 3036 suo
979 2971 1151 3053 quicquam
1174 2970 1309 3048 addidit;
1343 2992 1418 3036 nam
1446 2973 1530 3055 quod
1553 2973 1686 3038 civicam

326 3097 477 3141 coronam
500 3076 594 3152 6,17
618 3073 714 3140 vertit
743 3075 793 3137 τὸν
817 3074 931 3160 δρύινον
961 3073 1106 3161 στέφανον
1136 3074 1185 3137 τὸν
1216 3072 1369 3159 διδόμενον
1395 3074 1443 3139 ἐπὶ
1466 3076 1599 3161 σωτηρίᾳ
1627 3081 1685 3141 τῶν

325 3183 465 3256 πολιτῶν,
489 3198 552 3241 nou
575 3177 700 3242 excedit
722 3177 861 3242 officium
883 3177 1066 3261 interpretis
1081 3184 1247 3262 potestque
1269 3177 1401 3242 totidem
1418 3179 1524 3243 verbis
1541 3179 1686 3264 desump-

325 3290 395 3349 tum
419 3303 489 3347 esse
512 3303 551 3345 ex
566 3281 729 3365 glossariis
745 3281 974 3346 Graecolatinis
990 3281 1105 3347 aetatis
1120 3283 1293 3365 Augustae.
1330 3281 1483 3347 Similiter
1499 3282 1688 3348 dictaturam

327 3386 487 3471 expressit
508 3406 564 3469 por
587 3385 783 3464 ¹abscinderes
815 3386 927 3471 ἀρχήν,
957 3386 1069 3449 Ianum
1100 3405 1157 3469 per
1178 3387 1275 3469 πύλην
1289 3384 1461 3463 Ἐνυάλιον,
1491 3386 1688 3470 triumphum

327 3488 571 3573 ovationemque
593 3509 649 3573 per
671 3489 865 3576 θριαμβεύειν
890 3489 939 3575 ἐφ’
959 3490 1090 3574 ἅρματος
1114 3495 1146 3554 et
1169 3490 1218 3553 ἐπὶ
1240 3489 1377 3573 κέλητος,
1401 3490 1480 3574 ipsis
1497 3489 1619 3553 Latinis
1635 3510 1687 3553 vo-

327 3592 452 3657 cabulis
475 3599 600 3676 praeter
622 3590 752 3656 nomina
772 3591 901 3676 propria
923 3601 1075 3676 perpetuo
1099 3593 1274 3657 abstinens.

417 3695 473 3761 IV.
517 3694 603 3759 Haec
626 3693 789 3779 excipiunt
810 3695 931 3760 scholia
953 3716 1033 3771 mea,
1059 3695 1176 3777 quibus
1198 3701 1325 3779 propter
1348 3695 1474 3760 lectoris
1491 3694 1689 3759 commodum

326 3806 452 3864 textum
474 3804 645 3882 utrumque
668 3798 852 3882 suppletum
875 3797 1021 3874 eundem,
1045 3798 1084 3861 de
1108 3818 1171 3881 quo
1186 3798 1279 3863 modo
1302 3799 1361 3881 egi,
1386 3799 1487 3862 denuo
1510 3796 1687 3883 praeposui.

328 3904 366 3966 In
389 3900 520 3966 scholiis
548 3901 598 3965 his
628 3900 762 3965 eandem
789 3902 854 3965 fere
876 3900 979 3983 legem
1009 3907 1136 3965 secutus
1160 3921 1247 3977 sum,
1277 3900 1315 3965 de
1345 3920 1409 3984 qua
1437 3920 1534 3984 supra
1557 3899 1687 3983 exposui

327 4006 365 4069 in
387 4004 629 4089 supplementis,
653 4004 736 4069 falsa
758 4010 790 4069 et
811 4005 1035 4089 praetermissa
1056 4012 1094 4069 ut
1117 4004 1344 4087 corrigerentur
1359 4011 1390 4068 et
1404 4004 1606 4089 explerentur
1620 4004 1688 4067 sine

329 4109 481 4172 continua
508 4108 649 4193 priorum
672 4107 898 4190 exagitatione,
927 4129 965 4171 ex
994 4107 1035 4171 iis
1064 4114 1171 4172 autem
1200 4128 1280 4191 quae
1303 4128 1378 4172 vera
1406 4114 1438 4171 et
1459 4108 1637 4192 probabilia
1665 4108 1690 4173 ii

329 4212 524 4288 attulissent,
554 4210 716 4275 recondita
738 4216 862 4275 tantum
886 4217 917 4274 et
938 4212 1040 4293 magis
1072 4212 1232 4294 exquisita
1261 4211 1465 4276 laudarentur
1488 4212 1613 4275 nomine
1637 4211 1689 4274 ad-

328 4315 422 4378 iecto.
469 4312 552 4378 Nam
574 4335 647 4378 oum
669 4312 747 4377 haec
771 4313 813 4377 sit
835 4312 992 4377 eiusmodi
1014 4313 1310 4379 commentariorum
1334 4314 1422 4391 ratio,
1447 4322 1566 4378 utnon
1590 4335 1690 4399 pauca

328 4418 487 4501 interpres
510 4416 654 4482 omittere
676 4438 739 4482 non
762 4417 877 4481 debeat
899 4439 957 4481 nec
981 4416 1058 4481 adeo
1083 4425 1179 4501 queat
1201 4439 1220 4482 a
1243 4417 1355 4500 quovis
1384 4418 1510 4481 homine
1533 4438 1595 4482 non
1619 4417 1690 4481 rudi

329 4520 420 4583 nullo
443 4519 568 4601 negotio
592 4519 785 4604 reperienda,
810 4519 888 4584 talia
911 4520 983 4603 quis
1006 4521 1128 4605 primus
1152 4520 1293 4585 attulerit
1315 4542 1373 4585 nec
1396 4520 1539 4603 quaesivi
1560 4541 1617 4583 nec
1638 4520 1690 4583 ad-

330 4623 449 4687 notavi.
488 4623 545 4686 Est
567 4622 653 4687 enim
674 4624 855 4708 interpretis
878 4644 941 4687 non
964 4623 1068 4689 solum
1091 4646 1184 4687 suum
1207 4624 1321 4707 cuique
1344 4625 1491 4700 tribuere,
1518 4624 1570 4687 sed
1596 4624 1691 4688 etiam

330 4747 382 4791 res
407 4726 549 4790 omnium
573 4746 755 4810 communes
779 4749 798 4790 a
820 4726 956 4811 propriis
973 4733 1005 4791 θῖ
1019 4728 1145 4791 eximiis
1162 4748 1323 4791 secernere
1340 4728 1549 4810 abhorretque
1565 4726 1691 4790 omnino

332 4850 352 4892 a
375 4828 491 4893 studiis
514 4829 600 4893 hisce
624 4830 811 4895 liberalibus
839 4831 934 4894 anxia
963 4831 1160 4896 auctoritatis
1184 4832 1327 4914 quaestio
1352 4831 1447 4894 etiam
1469 4830 1503 4893 in
1526 4830 1581 4905 iis,
1611 4850 1691 4913 quae

333 4932 441 5014 siqui
465 4932 530 4996 sibi
551 4933 700 5010 vindicet,
732 4934 927 5020 pauperrimi
948 4934 1068 5017 ingenii
1091 4954 1125 4997 sc
1149 4954 1218 4999 esse
1241 4934 1312 5018 ipsa
1335 4955 1368 4997 re
1397 4934 1590 4997 confiteatur.
1637 4933 1691 4995 Ce-

332 5040 439 5099 terum
461 5033 615 5100 iudicium
638 5044 705 5101 esto
729 5038 813 5122 apud
835 5038 967 5102 lectores
984 5057 1101 5120 aequos
1118 5044 1149 5102 ct
1163 5036 1345 5122 prudentes,
1370 5036 1612 5101 commentarius
1629 5036 1691 5098 Au-

335 5139 420 5222 gusti
443 5160 521 5203 num
543 5140 606 5205 iarn
629 5140 756 5225 plenius
780 5148 811 5207 et
833 5143 949 5207 certius
968 5142 1170 5224 intellegatur
1185 5161 1247 5206 non
1264 5141 1366 5206 solum
1381 5146 1508 5225 propter
1522 5158 1604 5204 nova
1618 5137 1691 5201 sub-
