4400 6175
485 718 606 773 XXVIII

486 890 569 954 sidia
591 892 680 975 (nam
702 890 762 954 hac
784 887 913 974 quidem
935 886 974 950 de
996 908 1030 950 re
1053 906 1145 950 nemo
1168 885 1332 969 ambiget),
1358 884 1413 948 sed
1437 886 1533 950 etiam
1548 905 1619 948 mee
1634 905 1718 962 cura,
1744 905 1839 968 quem

484 994 520 1058 in
542 1014 616 1060 eum
637 993 788 1078 impendi.

574 1097 612 1163 V.
657 1096 803 1179 Denique
817 1097 1124 1180 praeter'tractatum
1146 1091 1185 1156 de
1200 1091 1235 1158 P.
1253 1091 1386 1175 Sulpicii
1402 1090 1539 1168 Quirinii
1553 1090 1646 1155 titulo
1662 1091 1838 1168 Tiburtino,

487 1220 581 1283 quem
603 1207 692 1266 extra
714 1199 857 1264 ordinem
878 1195 997 1272 addidi,
1022 1194 1145 1260 subieci
1166 1194 1287 1258 indices
1311 1199 1459 1277 quattuor
1481 1193 1675 1279 pertinentes
1697 1194 1737 1258 ad
1758 1213 1840 1258 com·

485 1303 675 1367 monterium
697 1302 844 1384 Augusti,
868 1305 1071 1385 conspectum
1092 1319 1198 1363 rerum
1220 1297 1395 1364 secundum
1418 1297 1522 1382 capita
1544 1298 1696 1375 eiusdem,
1719 1304 1756 1362 ut
1779 1317 1840 1380 quo

485 1406 594 1471 ordine
615 1427 666 1470 res
688 1411 792 1489 gestas
808 1406 971 1487 Augustus
994 1403 1149 1467 edidisset
1171 1401 1541 1486 facilius-perciperetur,
1566 1421 1629 1484 qua
1652 1400 1740 1464 dere
1763 1400 1841 1484 quid

485 1510 554 1594 ipse
577 1509 737 1586 sentirem,
763 1508 792 1571 ei
814 1507 917 1572 indici
935 1506 1141 1592 praefationis
1164 1505 1231 1569 loco
1248 1503 1365 1583 adieci3
1391 1510 1593 1588 conspectum
1607 1525 1714 1568 rerum
1732 1523 1840 1592 secun-

486 1613 561 1677 dum
584 1613 725 1677 ordinem
745 1619 933 1696 temporum,
958 1630 1019 1692 quo
1043 1615 1120 1694 puto
1142 1609 1287 1672 adiutum
1307 1608 1347 1671 iri
1367 1629 1474 1678 rerum
1489 1608 1703 1672 Romanarum
1718 1607 1840 1670 futuros

486 1724 694 1798 enarratores3
713 1715 857 1780 indicem
880 1715 1047 1780 verborum
1068 1712 1168 1797 partie
1190 1711 1330 1789 Latinae,
1356 1711 1407 1776 cui
1429 1711 1623 1796 praemissae
1647 1716 1723 1774 sunt
1737 1710 1841 1773 obser-

486 1820 627 1885 vationes
656 1820 811 1904 quaedam
841 1819 880 1884 de
908 1818 1104 1883 monumenti
1132 1815 1368 1901 orthographia;
1405 1815 1541 1898 deniqne
1569 1815 1707 1878 indicem
1735 1834 1842 1876 rerum

485 1925 643 2010 potiorum
665 1924 699 1989 in
723 1923 851 1988 scholiis
873 1927 1146 2008 pertractaturum.

595 2027 680 2092 Haec
702 2027 829 2112 paravi,
860 2033 896 2091 ut
917 2026 1049 2091 titulum
1075 2026 1159 2089 inter
1181 2024 1310 2089 Latinos
1338 2022 1526 2108 primarium
1553 2022 1599 2086 ite
1620 2040 1838 2107 proponerem,

485 2139 522 2195 ut
555 2152 605 2195 res
643 2129 778 2214 requirit
811 2128 1019 2212 subsidiaque
1054 2126 1266 2213 permittunt(
1313 2125 1381 2188 lam
1417 2145 1453 2188 eo
1487 2130 1674 2210 perventum
1702 2129 1765 2201 est,
1807 2129 1844 2188 ut

485 2234 678 2298 alterautra
704 2233 813 2315 lingua
840 2237 1082 2298 monumentum
1111 2230 1285 2294 habeamus
1312 2229 1481 2311 integrum,
1504 2229 1539 2294 id
1562 2235 1610 2293 est
1636 2228 1724 2292 nullo
1752 2227 1842 2290 hiatu

485 2337 604 2402 maiore
625 2337 847 2421 interruptum,
870 2336 1048 2400 litterarum
1071 2339 1177 2397 autem
1201 2331 1346 2416 apicibus
1371 2331 1518 2396 omnibus
1542 2353 1614 2396 curn
1637 2351 1713 2395 cure
1735 2335 1767 2395 et
1781 2330 1843 2393 fide

486 2441 635 2525 exceptis.
681 2440 799 2504 Verum
822 2447 870 2504 est
899 2439 1002 2503 adhuc
1031 2436 1204 2500 desiderari
1225 2435 1374 2520 paginam
1401 2453 1499 2498 unam
1523 2455 1561 2498 ex
1585 2433 1711 2498 Graecis
1734 2453 1843 2498 monu-

485 2543 585 2608 menti
607 2543 782 2628 Ancyrani,
813 2563 909 2627 quam
933 2542 961 2606 si
984 2541 1037 2606 cui
1059 2539 1226 2622 contigerit
1254 2537 1424 2622 aliquando
1453 2545 1489 2602 ut
1511 2539 1546 2602 in
1568 2539 1674 2602 lucem
1695 2539 1842 2622 proferat,

486 2668 558 2711 eum
580 2646 752 2734 probabile·
767 2652 816 2710 est
837 2651 869 2709 et
884 2645 1084 2729 expleturum
1099 2663 1169 2707 esse
1185 2662 1351 2718 summam,
1377 2661 1458 2724 quae
1474 2641 1635 2705 intercidit
1649 2641 1684 2705 in
1699 2640 1843 2724 exemplo

485 2749 599 2813 Latina
613 2749 644 2825 3,
661 2749 703 2813 32
727 2754 759 2812 et
781 2749 914 2813 certiora
939 2747 1136 2831 prolaturum
1165 2745 1204 2809 de
1233 2745 1336 2829 capite
1359 2765 1442 2813 xv111
1465 2745 1607 2809 omnium
1629 2745 1767 2808 maxime
1791 2744 1843 2808 ob-

486 2870 586 2927 scuro,
611 2870 673 2933 quo
696 2851 800 2933 agitur
822 2850 860 2914 de
883 2849 1013 2914 tesseris
1035 2848 1262 2914 frumentariis.
1297 2847 1463 2912 Praeterea
1485 2859 1559 2913 sunt
1580 2848 1642 2913 loci
1666 2868 1729 2912 non
1751 2847 1845 2931 pauci

485 2955 520 3018 in
541 2961 745 3019 monumento
767 2954 953 3037 Ancyrano,
983 2952 1114 3035 quidam
1138 2951 1234 3016 etiam
1256 2951 1290 3014 in
1313 2951 1552 3034 Apolloniensi,
1584 2971 1662 3034 quos
1691 2971 1753 3014 non
1776 2951 1844 3014 sine

485 3059 590 3123 fructu
613 3057 716 3123 denuo
740 3057 936 3123 examinabit
958 3057 1007 3121 vir
1030 3077 1147 3140 gnarus
1172 3061 1203 3120 et
1226 3074 1348 3137 gnavus
1372 3060 1403 3119 et
1426 3055 1459 3117 in
1486 3055 1590 3119 titulis
1613 3053 1755 3137 legendis
1777 3074 1844 3118 ver-

486 3169 589 3240 eatus3
614 3182 689 3225 nam
711 3162 934 3245 inscriptiones
956 3160 1041 3224 lectu
1056 3160 1203 3223 difficiles
1219 3158 1416 3240 hiantesque,
1442 3158 1545 3240 qualis
1560 3158 1638 3223 haec
1653 3166 1710 3236 est,
1735 3180 1843 3241 quam-

487 3286 583 3350 quam
610 3285 735 3329 summe
762 3284 838 3327 cura
866 3268 1013 3345 exceptus
1043 3262 1099 3344 qui
1122 3269 1290 3346 postquam
1314 3262 1478 3327 restitutae
1507 3271 1582 3327 sunt
1610 3269 1736 3327 etcum
1769 3281 1844 3325 cura

485 3372 702 3453 pertractatae,
727 3365 840 3430 deinde
856 3387 929 3430 cum
944 3364 1113 3449 archetypo
1129 3365 1231 3430 denuo
1248 3366 1392 3443 contulit,
1418 3364 1521 3430 adhuc
1538 3386 1665 3451 operam
1680 3384 1845 3448 nunquam

485 3469 633 3554 perdidit.
667 3471 712 3534 At
732 3470 767 3533 in
790 3491 915 3535 summa
935 3490 970 3534 re
994 3469 1238 3534 commentarius
1255 3470 1393 3552 Augusti
1412 3470 1477 3533 iam
1491 3470 1600 3554 prodit
1622 3476 1653 3534 et
1667 3466 1843 3551 integritati

487 3592 563 3637 suae
585 3572 749 3637 restitutus
774 3580 805 3638 et
827 3574 971 3640 lectionis
993 3573 1028 3637 in
1050 3573 1235 3637 universum
1259 3579 1379 3652 certae3
1403 3578 1434 3636 et
1457 3594 1530 3637 cum
1553 3578 1628 3637 vota
1649 3570 1784 3636 fecimus
1806 3577 1844 3633 ut

487 3676 544 3758 qui
565 3682 636 3760 post
658 3695 715 3739 nos
739 3678 875 3753 venient,
900 3697 982 3761 quae
1005 3675 1109 3740 adhuc
1133 3681 1304 3760 supersunt
1325 3676 1431 3739 lacera
1453 3680 1485 3739 et
1506 3680 1662 3759 corrupta,
1686 3694 1724 3737 ea
1739 3694 1843 3737 emen-

486 3779 563 3843 dent
585 3786 617 3843 θῖ
638 3779 799 3863 expleant,
829 3787 937 3845 tamen
958 3781 1111 3866 pleraque
1139 3786 1223 3843 certe
1251 3799 1307 3843 nos
1336 3778 1561 3863 occupavimus
1591 3782 1622 3841 et
1651 3776 1720 3840 iure
1750 3775 1843 3840 nobis

486 3884 682 3967 gratulamur
696 3891 823 3969 propter
845 3885 1004 3967 egregium
1027 3890 1266 3948 monumentum
1281 3887 1389 3946 nostre
1404 3887 1506 3946 aetate
1522 3886 1742 3965 recuperatum
1759 3899 1842 3943 oom-

486 3986 576 4050 muni
606 4007 700 4072 opere
721 3987 819 4071 Angli
847 3987 983 4051 hominis
1013 3993 1045 4050 et
1068 3985 1167 4061 Galli,
1197 3986 1328 4051 fortasse
1357 3985 1453 4049 etiam
1481 3984 1590 4067 alique
1612 4004 1683 4049 mea
1704 3980 1845 4046 hominis

489 4090 646 4154 Germani.
