4400 6175
886 697 929 762 lV,
946 697 1066 752 13-23
1594 697 1655 762 103

302 869 373 934 inde
397 869 580 954 explicatur,
611 869 763 952 quodibi
787 890 900 936 corona
923 871 1107 955 proponitur
1130 873 1231 936 forma
1252 872 1373 938 minore
1396 882 1428 938 et
1450 893 1561 958 parurn
1583 878 1657 954 apta

303 973 533 1040 accessionibus
556 973 621 1038 illis
645 973 844 1058 recipiendis.
887 973 1052 1041 Praeterea
1074 974 1286 1040 certissimum
1310 984 1360 1040 est
1375 977 1472 1042 etiam
1487 996 1557 1043 eam
1573 993 1657 1038 coro-

302 1097 382 1153 nam,
408 1098 488 1160 qnae
512 1099 540 1142 a.
553 1080 616 1142 727
641 1078 674 1142 in
696 1077 789 1144 domo
804 1079 949 1143 Palatina
964 1078 1117 1144 collocata
1130 1088 1188 1155 εεῖ,
1212 1101 1275 1144 non
1291 1101 1364 1146 vere
1380 1102 1531 1166 quomam
1547 1080 1656 1148 fuisse.

303 1181 355 1244 sed
379 1202 419 1245 ex
442 1181 570 1248 metallo
587 1183 703 1248 lautam
719 1203 820 1266 neque
836 1182 963 1248 omuino
979 1203 1093 1248 corona
1108 1183 1264 1248 eiusmodi
1279 1186 1408 1267 cogitari
1426 1205 1518 1268 posse
1533 1183 1658 1250 videtur

303 1286 368 1350 sine
383 1285 474 1350 vittis
490 1306 571 1370 quae
586 1305 689 1352 ramos
705 1285 813 1370 ligent.
845 1286 965 1352 Deinde
981 1286 1125 1352 eiusdem
1138 1287 1208 1373 typi
1224 1288 1429 1372 eiusdemque
1443 1285 1658 1370 inscriptionis

302 1389 378 1454 ratio
407 1395 494 1456 vetat
516 1389 641 1458 admitti
670 1391 750 1456 dnae
778 1392 1052 1477 interpretationes
1075 1393 1158 1458 inter
1187 1413 1221 1458 εε
1242 1393 1401 1471 diversas,
1431 1393 1517 1458 cives
1543 1397 1657 1466 auum,

303 1512 378 1575 quos
401 1492 552 1558 liberavit
573 1496 736 1577 Augustus
760 1516 788 1562 a.
802 1496 875 1572 734,
900 1494 1024 1580 proprie
1048 1495 1196 1562 dicuntur
1219 1515 1282 1560 non
1304 1501 1436 1571 reiecti,
1461 1494 1518 1560 sed
1541 1495 1659 1574 recepti

302 1595 359 1672 vel,
383 1603 421 1660 nt
443 1603 492 1662 est
513 1597 547 1662 in
570 1618 698 1663 nummo
722 1598 856 1682 (Eckhel
880 1600 1013 1681 6,101),
1038 1603 1227 1680 recuperati.
1263 1599 1407 1684 Denique
1430 1618 1545 1664 corona
1565 1615 1661 1682 aurea

304 1721 372 1766 curn
402 1719 497 1764 curru
526 1699 665 1779 decreta,
695 1702 785 1766 ouius
808 1703 992 1768 memoriam
1016 1703 1156 1768 servavit
1178 1703 1400 1781 Cassiodorus,
1430 1703 1521 1785 longe
1543 1700 1659 1766 rectius

301 1803 447 1888 iungetur
470 1823 543 1870 cum
563 1800 724 1890 triumpho
739 1809 882 1890 Augusto
900 1816 967 1871 tum
982 1805 1140 1872 destinato
1163 1806 1207 1890 (v.
1225 1807 1402 1889 ε61,22);
1427 1806 1534 1888 itaque
1552 1805 1661 1868 laurea

303 1907 405 1991 potins
429 1907 555 1974 decreta
577 1916 625 1974 est
648 1930 743 1992 quam
767 1931 895 1992 querna.
935 1909 971 1974 ld
995 1917 1101 1974 antem
1124 1910 1208 1993 quod
1231 1911 1369 1976 maxime
1384 1907 1592 1991 Borghesinm
1615 1905 1660 1970 vi·

303 2011 391 2076 detur
415 2011 564 2088 movisse,
594 2032 739 2078 coronam
766 2013 923 2078 decretam
947 2035 974 2078 a.
992 2016 1055 2078 727
1080 2013 1180 2080 multo
1204 2015 1331 2100 saepius
1355 2013 1441 2079 cerni
1464 2013 1497 2076 in
1519 2010 1659 2079 nummis

304 2121 461 2180 esbernus
484 2116 596 2182 aetatis
620 2137 715 2200 quam
738 2117 807 2180 eius
836 2116 1003 2202 temporis,
1035 2138 1096 2200 quo
1120 2117 1246 2183 decreta
1268 2125 1333 2196 est,
1365 2139 1442 2183 sane
1464 2117 1583 2180 lactum
1613 2118 1662 2177 est

304 2237 363 2282 non
398 2219 470 2284 sine
501 2239 597 2284 causa
631 2219 744 2286 idonea
773 2240 875 2302 neque
903 2227 1009 2284 tamen
1043 2240 1080 2284 ea
1108 2241 1205 2304 quam
1232 2221 1424 2304 Borghesius
1461 2216 1660 2300 excogitavit

304 2321 432 2388 Scilicet
457 2329 598 2387 extrema
627 2331 727 2390 aetate
750 2323 886 2406 Augusti
909 2323 1114 2407 magistratus
1145 2324 1318 2391 monetales
1341 2345 1404 2390 non
1431 2331 1497 2388 tam
1524 2320 1661 2386 celebra·

305 2427 379 2492 bant
402 2427 563 2492 decretum
594 2447 620 2492 a.
636 2428 698 2491 727
730 2448 825 2512 quarn
854 2427 1134 2513 repraesentabant
1160 2428 1290 2496 domum
1312 2431 1492 2512 Augustam
1518 2425 1576 2490 boc
1605 2443 1661 2495 suo

305 2536 455 2614 tanquam
478 2530 596 2614 insigni
619 2551 749 2596 coronae
774 2553 911 2615 quernae
934 2532 1176 2615 laurentumque
1200 2533 1256 2617 (ci.
1273 2533 1342 2597 Val.
1359 2533 1442 2597 Max.
1467 2533 1497 2606 2,
1515 2531 1544 2605 8,
1563 2530 1597 2592 7ε
1622 2528 1662 2592 ob

310 2637 386 2700 cicer
411 2644 560 2700 cornutos
584 2655 705 2698 corono
730 2647 842 2718 poster
866 2640 1030 2717 Augustae
1060 2639 1168 2702 domur
1198 2640 1390 2718 sempiterna
1417 2637 1526 2716 gloria
1554 2635 1662 2697 trium·

301 2741 419 2819 pinon
448 2736 821 2823 Ovid.nist.3,1‚35).
847 2777 888 2786 --
914 2740 1030 2804 Lauros
1055 2740 1172 2822 quibus
1194 2747 1301 2824 postes
1326 2739 1425 2804 vincti
1447 2743 1522 2802 sunt
1544 2735 1662 2820 optime

306 2841 453 2926 proponit
481 2862 629 2908 nummus
659 2863 754 2927 supra
782 2841 897 2906 citatus
927 2843 961 2906 L.
987 2842 1113 2906 Caninii
1136 2843 1229 2906 Galli.
1289 2844 1441 2908 Coronam
1469 2842 1565 2907 fixam
1593 2859 1661 2902 esse

304 2967 397 3028 super
421 2948 566 3024 ianuam,
593 2947 729 3032 ὑπεράνω
751 2951 803 3010 τοῦ
826 2949 961 3016 πυλῶνος
990 2948 1154 3028 Augustus
1183 2946 1295 3010 scribit
1323 2946 1549 3027 confirmatque
1576 2940 1661 3005 idem

306 3049 385 3116 Galli
410 3071 572 3131 nummns3
600 3051 664 3115 fixa
686 3055 791 3115 autem
815 3050 876 3115 luit
891 3049 923 3115 in
940 3049 1051 3117 domus
1067 3048 1192 3132 fastigio
1217 3047 1320 3135 (Suet.
1337 3048 1446 3115 Claud.
1463 3050 1519 3127 173
1543 3044 1664 3113 Seneca

306 3154 341 3219 de
362 3154 456 3221 clem.
484 3157 512 3231 1,
528 3156 579 3233 26,
593 3156 629 3239 5)
654 3175 753 3238 eoque
775 3154 951 3219 rettulerim
977 3153 1118 3237 aquilam
1139 3154 1173 3218 in
1196 3173 1326 3219 nummo
1349 3174 1378 3221 a.
1394 3155 1456 3219 727
1481 3151 1555 3217 hnic
1578 3168 1663 3214 coro-

306 3280 361 3323 nae
382 3260 596 3325 insistentem.
647 3260 728 3325 Nam
752 3259 914 3341 fastigium
939 3258 1006 3323 sive
1030 3264 1168 3335 aetoma,
1199 3279 1262 3341 quo
1289 3259 1382 3323 aedes
1406 3258 1536 3323 deorum
1559 3275 1579 3319 a
1599 3253 1662 3337 pri-

306 3363 384 3427 vatis
413 3362 703 3446 distinguebantur,
727 3370 764 3429 ut
787 3365 900 3429 Caesar
924 3362 984 3446 (ol.
1009 3362 1172 3427 Drumann
1197 3362 1227 3438 3,
1244 3364 1309 3427 666
1333 3383 1363 3429 n.
1380 3362 1444 3444 33)
1467 3361 1514 3424 ita
1535 3357 1663 3422 omnino

303 3468 468 3551 Augustus
492 3487 617 3551 quoque
641 3467 779 3533 obtinuit
801 3476 832 3531 et
854 3468 986 3531 fortasse
1007 3466 1118 3532 eodem
1139 3467 1208 3551 ipso
1229 3475 1380 3552 tempore,
1405 3486 1467 3549 qno
1482 3482 1596 3529 corona
1610 3460 1662 3525 de
1776 3466 1784 3473 ’

306 3578 387 3637 creta
414 3577 476 3648 est,
506 3570 672 3655 potuitque
703 3579 826 3637 aeterna
855 3571 888 3633 in
917 3590 1046 3635 nummo
1074 3577 1159 3635 recte
1182 3570 1411 3654 repraesentari
1433 3591 1489 3654 per
1511 3566 1662 3650 aquilam.

305 3674 546 3760 inscriptionem
575 3680 680 3739 autem
708 3678 748 3739 ob
772 3678 855 3741 eines
879 3682 1025 3739 seronior
1048 3694 1122 3739 vere
1144 3674 1259 3739 lectam
1283 3696 1352 3739 esse
1373 3675 1463 3737 iuxta
1484 3670 1536 3735 vel
1557 3668 1662 3754 potius

305 3777 387 3845 intra
418 3797 563 3843 coronam
590 3778 682 3843 testie
711 3785 760 3843 est
787 3785 911 3863 praeter
939 3798 1084 3843 nummos
1108 3776 1241 3841 Ovidius
1265 3777 1346 3841 trist.
1368 3776 1532 3852 3,1,47:
1565 3791 1663 3837 ecura

306 3885 528 3967 superpositae
551 3886 674 3965 scripto
698 3893 833 3949 testante
857 3904 994 3947 coronae
1017 3891 1164 3945 reroutor
1192 3885 1276 3946 cicer
1304 3884 1427 3945 iudicat
1449 3881 1540 3941 buius
1564 3895 1634 3954 cpe.

417 3986 463 4049 De
492 3986 603 4070 clupeo
631 3986 781 4069 denique,
816 3986 941 4051 Graecis
967 3986 1049 4071 ὅπλῳ
1079 3984 1172 4068 (vide
1196 3984 1330 4049 Salmas.
1355 3983 1394 4047 ad
1417 3981 1516 4045 vitam
1538 3975 1664 4043 Claudii

308 4093 363 4155 c.3
382 4089 697 4175 Stephanianumqne
711 4091 895 4155 thesaurum
912 4112 936 4154 ε.
953 4091 1009 4173 u),
1035 4090 1203 4174 scriptores
1218 4097 1333 4165 tacent,
1358 4077 1569 4153 meminerunt
1582 4082 1664 4165 lapi·

307 4193 360 4260 des
384 4192 580 4275 nummique.
616 4194 777 4261 Potentiae
800 4195 833 4259 in
852 4194 964 4259 Piceno
980 4194 1097 4279 prodiit
1120 4215 1220 4278 nuper
1242 4194 1355 4257 titulus
1370 4192 1555 4257 adservatus
1568 4185 1665 4250 hodie

307 4296 481 4363 Maceratao
508 4297 592 4381 apud
617 4299 831 4363 marchionem
858 4299 945 4363 Ricci
970 4298 1120 4383 (Henzen
1142 4299 1269 4382 5361),
1297 4297 1331 4361 in
1359 4317 1421 4380 qno
1449 4295 1508 4359 sub
1535 4291 1662 4357 nomine

308 4400 482 4467 dedicantis
505 4400 556 4465 vel
579 4403 684 4486 potius
708 4403 922 4467 dedicantium
947 4405 1069 4467 Primus
1088 4405 1224 4467 Marc...
1253 4406 1344 4469 creir.
1368 4400 1471 4485 strip]
1493 4402 1664 4465 cernuntur

309 4504 464 4570 Victoriae
487 4504 568 4569 duae
591 4507 784 4571 sustinentes
808 4506 965 4591 clupeum,
993 4506 1025 4569 in
1052 4526 1114 4588 quo
1137 4507 1248 4590 clupeo
1271 4505 1317 4569 sio
1339 4504 1491 4589 scriptum
1515 4510 1577 4567 est:
1600 4502 1663 4582 r(e-

309 4610 415 4691 outur)
441 4612 606 4692 ptopulur)
637 4612 722 4693 p(ue)
752 4613 938 4694 idomenus)
969 4613 1113 4691 Auprrrto
1148 4613 1235 4675 dedit
1263 4613 1402 4690 clupeum
1428 4609 1557 4672 uirtutis
1584 4604 1664 4689 [c]le·

311 4710 466 4797 [meu]ti[ue
496 4712 657 4799 irrr]t[itinc
683 4717 816 4795 pietatis
840 4712 971 4798 'courc],
1001 4714 1084 4777 siout
1111 4713 1229 4798 optime
1258 4712 1397 4777 restituit
1418 4710 1609 4792 Borghesins
1630 4708 1663 4771 in

311 4815 508 4899 ephemeride
532 4816 766 4899 archaeologica
789 4818 941 4881 Gerhardi
970 4838 997 4881 a.
1018 4819 1101 4880 1844
1125 4839 1156 4900 p.
1168 4819 1241 4879 242.
1295 4815 1436 4879 Eundem
1460 4814 1608 4898 clupeum
1630 4812 1664 4874 in

313 4920 449 4985 nummis
478 4920 633 4985 habemus
662 4920 788 5004 (Cohen
811 4944 842 4985 n.
861 4924 911 4986 65.
930 4923 982 4987 66.
1004 4923 1075 4984 160.
1097 4919 1594 5001 181.195.218-228.252),
1625 4915 1665 4979 de

314 5024 427 5104 quibus
451 5032 581 5105 egerunt
603 5024 884 5104 Eckhel(d,121)
908 5031 938 5089 εῖ
960 5024 1152 5106 Borglresius
1177 5028 1262 5108 (opp.
1288 5024 1420 5098 numi,
1441 5023 1502 5085 112
1527 5027 1558 5083 εῖ
1580 5017 1663 5103 apud

315 5125 507 5192 Gerhardum
529 5127 550 5191 l.
568 5132 619 5208 u).
661 5128 805 5193 Cernitur
820 5128 853 5192 in
869 5128 909 5193 iis
933 5129 972 5192 ab
993 5148 1057 5190 arna
1072 5133 1161 5211 parte
1176 5134 1271 5211 caput
1287 5126 1422 5208 Augusti
1436 5125 1529 5190 modo
1543 5122 1664 5187 nudum
