4400 6175
939 691 968 754 V,
982 691 1015 743 30
1028 691 1105 744 -38
1659 689 1701 753 83

337 873 416 932 sunt
438 867 478 930 ab
502 866 560 930 hoc
583 865 734 930 laterculo
758 885 797 928 ex
819 864 990 949 provinciis
1007 871 1079 930 ante
1096 865 1276 946 Augustum
1292 864 1385 930 iactis
1401 871 1524 948 praeter
1539 863 1701 948 illyricum

337 969 427 1052 (vide
450 969 491 1033 ad
516 971 551 1045 5,
568 969 624 1048 36)
649 967 810 1044 Sardinia,
836 968 957 1032 Galliae
981 967 1123 1052 reliquae
1146 973 1278 1052 excepta
1299 967 1512 1046 Narbonensi,
1541 969 1700 1053 Bithynia,

337 1074 461 1150 Cilicia,
485 1073 641 1156 Cyrena03
665 1093 703 1136 ex
726 1071 896 1158 provinciis
920 1072 960 1137 ab
984 1074 1126 1154 Augusto
1149 1071 1330 1136 constitutis
1353 1091 1414 1136 non
1438 1071 1618 1136 nominatur
1639 1072 1703 1137 nisi

335 1177 463 1244 Pisidia
483 1175 662 1240 contributa
684 1196 756 1240 cum
773 1175 897 1240 Galatia
919 1175 1091 1260 provincia.
1132 1173 1292 1258 Sequitur,
1316 1181 1353 1239 nt
1374 1175 1407 1239 in
1423 1175 1595 1260 provinciis
1610 1176 1702 1242 modo

335 1279 488 1346 indicatis
511 1278 666 1344 coloniam
689 1278 810 1343 nnllam
825 1281 990 1362 Augustus
1009 1277 1191 1358 deduxerit3
1216 1278 1301 1344 unde
1316 1279 1455 1364 exempli
1478 1300 1573 1344 causa
1588 1280 1642 1344 vix
1657 1280 1702 1344 vi·

336 1384 434 1450 detur
455 1404 548 1480 posse
571 1382 696 1448 admitti
725 1382 881 1448 coloniam
904 1385 1079 1469 Apameam
1107 1383 1142 1449 in
1164 1383 1316 1466 Bithynia
1343 1383 1546 1448 constitutam
1569 1404 1638 1450 esse
1661 1385 1700 1450 ab

335 1489 485 1570 Augusto
507 1486 706 1570 (Marquardt
730 1488 914 1566 3,1,153).
940 1525 980 1534 -
1004 1487 1151 1552 Notabile
1174 1487 1312 1570 denique
1333 1486 1385 1551 hio
1408 1487 1564 1552 nominari
1587 1489 1701 1575 Hispa·

336 1593 429 1658 niam
451 1600 628 1674 utramque,
653 1612 724 1656 oum
747 1590 891 1675 plerique
915 1591 1110 1656 divisionem
1120 1591 1279 1656 ulterioris
1295 1591 1468 1676 Hispaniae
1490 1592 1525 1656 in
1540 1593 1702 1658 Baeticam

337 1704 373 1762 et
396 1695 591 1760 Lusitaniam
615 1683 798 1759 adscribant
820 1696 963 1778 Augusto
986 1696 1040 1776 (cf.
1059 1695 1244 1779 Marquardt
1260 1695 1289 1772 3,
1310 1699 1337 1772 l,
1355 1697 1421 1774 82),
1446 1695 1546 1760 secuti
1562 1698 1703 1783 Appiani

337 1800 446 1884 (Hisp.
466 1801 542 1879 102)
566 1819 627 1863 non
651 1797 877 1876 testimonium,
909 1797 964 1862 sed
989 1798 1200 1863 coniecturam
1224 1818 1368 1882 quaeque
1391 1798 1430 1862 de
1453 1797 1608 1864 divisione
1630 1822 1701 1887 pro·

340 1903 518 1969 vinciacum
542 1902 638 1965 refert
652 1901 711 1964 Dio
728 1901 794 1982 (53,
812 1902 865 1980 12)
890 1923 946 1965 nee
969 1901 1040 1986 ipsa
1062 1901 1149 1967 omni
1165 1902 1348 1986 exceptione
1362 1902 1492 1966 maiora.
1528 1902 1701 1991 Scriptores

339 2009 454 2074 aetatis
465 2007 653 2072 Tiberianae
670 2005 782 2070 Strabo
798 2011 829 2069 et
845 2005 928 2070 Mela
948 2027 1019 2070 eum
1037 2005 1198 2070 Baeticam
1214 2005 1475 2089 Lusitaniamque
1490 2007 1698 2092 distinguant,

338 2121 487 2180 neutram
509 2117 682 2194 agnoscunt
705 2109 817 2174 aetatis
841 2111 1002 2192 Augustae
1033 2110 1236 2194 aucwres*);
1266 2131 1307 2174 ne
1334 2109 1420 2175 tituli
1447 2112 1586 2195 quidem,
1617 2115 1701 2181 sicut

340 2217 505 2303 quaerenti
527 2215 607 2280 mihi
630 2214 791 2299 respondit
813 2214 970 2278 Aemilius
992 2214 1152 2291 Huebner,
1176 2221 1262 2280 certa
1281 2221 1466 2300 argumenta
1486 2216 1700 2301 suppeditant,

340 2343 380 2386 ex
409 2320 525 2404 quibus
547 2319 669 2384 eluceat
691 2317 868 2403 provincias
892 2339 945 2382 eas
969 2317 1068 2382 luisse
1096 2324 1169 2382 ante
1192 2317 1358 2382 Tiberium
1379 2316 1493 2402 (Orelli
1514 2319 1615 2385 3128ε
1640 2325 1698 2405 lap.

344 2431 392 2491 Τι’.
411 2427 562 2490 Caesarie
579 2427 659 2504 Aug.
683 2424 935 2504 praeberetur.
958 2421 1030 2488 coll.
1048 2422 1137 2488 Grnt.
1155 2423 1230 2498 227,
1247 2424 1267 2486 6
1290 2452 1334 2478 =
1357 2422 1391 2486 0.
1408 2423 1433 2486 Ι.
1450 2422 1484 2486 L.
1507 2423 1539 2487 ΙΙ
1561 2445 1592 2488 n.
1609 2425 1699 2512 473).

342 2534 445 2610 Quare
468 2527 650 2602 videndum,
678 2548 717 2589 ne
741 2526 922 2590 ulteriorem
946 2525 1093 2591 Tiberius
1118 2526 1218 2608 magis
1242 2547 1338 2610 quarn
1362 2528 1524 2607 Augustus
1546 2527 1701 2598 diviserit.

355 2895 422 2942 ner.
437 2878 467 2956 5,
483 2894 511 2936 ss
527 2893 554 2937 ar
589 2872 681 2938 Italis
704 2870 826 2956 au[te]m
851 2916 941 2933 ......
964 2869 1144 2956 [eolo]nilas‚
1167 2895 1250 2954 quae
1271 2870 1346 2936 vivo
1369 2894 1416 2934 mc
1431 2875 1652 2939 celeberrimae
1669 2885 1702 2939 et

526 3005 555 3048 :rs
588 2983 866 3066 frequentissimae
878 2983 1019 3064 fuerunt,
1033 2981 1283 3068 [duodetriginta
1294 3005 1315 3048 a
1326 2983 1382 3068 me]
1394 2983 1568 3057 ldeductas
1585 2986 1701 3057 habeti

340 3104 559 3181 ca.15,2oaraa
589 3096 709 3165 ἸταΙλιά
732 3097 766 3159 δὲ
790 3093 883 3158 εἴκοσι
907 3094 985 3159 ὀκτὼ
1008 3095 1144 3163 ἀποικίας
1168 3093 1233 3181 ἔχει
1257 3096 1306 3159 ὑπ’
1330 3097 1405 3180 ἐμοῦ
1424 3097 1646 3182 καταχθείίσας,
1672 3102 1703 3163 αἳ

589 3210 663 3293 ἐμοῦ
686 3206 837 3293 περιόντος
859 3205 1120 3292 [πλ]η[0]0[νοοσ]αι
1144 3207 1336 3293 ἐτόνχανον.)

341 3327 390 3390 Cf.
416 3324 502 3388 Suet.
527 3323 607 3403 Aug.
632 3321 691 3384 46:
717 3322 845 3383 ltaliam
869 3322 1109 3401 duodetriginta
1133 3322 1328 3385 coloniarum
1349 3342 1476 3386 numero
1501 3325 1703 3389 deductarum

338 3432 383 3493 cb
407 3450 442 3491 se
463 3426 686 3508 frequentavit.
727 3422 837 3509 Spatia
865 3424 1048 3486 lacunarum
1077 3423 1220 3487 indicant
1250 3430 1322 3488 ante
1347 3428 1490 3490 coloniae
1513 3428 1704 3495 vocabulum

339 3530 471 3615 aliquod
489 3550 545 3593 sex
561 3526 684 3591 circiter
700 3525 876 3590 litterarum
894 3526 1012 3599 deesse,
1038 3526 1171 3590 sortasse
1188 3530 1342 3592 eiusmodi
1357 3529 1407 3591 vel
1424 3534 1565 3593 militum.
1584 3568 1625 3577 —
1643 3534 1703 3609 Qui

338 3637 381 3701 de
406 3632 537 3699 coloniis
554 3630 706 3712 Augustis
729 3630 762 3692 in
780 3629 873 3692 ltalia
888 3648 994 3695 xxvnr
1019 3636 1213 3711 postremum
1234 3629 1309 3695 data
1324 3650 1419 3715 opera
1434 3633 1499 3715 egit
1513 3633 1703 3716 Borghesius

338 3744 444 3826 (salla
459 3740 631 3803 iscrizione
648 3737 807 3814 Pcrupiac
823 3737 907 3797 della
927 3742 1024 3814 porta
1041 3735 1166 3796 Marcio
1184 3735 1269 3797 1850
1285 3756 1314 3817 p.
1327 3737 1346 3798 8
1360 3735 1423 3818 sq.)
1447 3735 1703 3821 vigintiquinque

337 3866 451 3910 earum
474 3839 720 3925 deprehendisse
744 3838 805 3901 sibi
824 3838 911 3900 visus
928 3844 986 3911 ost,
1012 3857 1093 3919 quae
1110 3844 1185 3899 sunt
1200 3837 1276 3899 hae:
1308 3838 1340 3920 l)
1365 3838 1500 3901 Acerrae
1529 3840 1563 3922 2)
1587 3841 1703 3905 Arimi·

340 3970 422 4012 num
457 3946 492 4029 3)
517 3943 623 4008 Atella
656 3944 692 4027 4)
711 3945 819 4006 Ateste
854 3943 888 4025 5)
907 3942 1050 4023 Augusta
1065 3940 1298 4023 bagiennorum
1333 3942 1368 4024 6)
1385 3942 1529 4025 Augusta
1544 3943 1705 4009 Praetoria

339 4051 379 4134 7)
396 4050 541 4131 Angusta
556 4048 765 4111 Taurinorum
801 4048 836 4129 8)
855 4046 1068 4109 Beneventum
1104 4046 1140 4127 3)
1156 4045 1266 4109 Brixia
1302 4046 1357 4129 10)
1374 4046 1483 4129 Capua
1516 4049 1570 4131 11)
1587 4048 1705 4115 Cumae

342 4152 402 4236 12)
427 4153 564 4216 Dertona
605 4152 658 4234 13)
683 4150 824 4215 Firmum
865 4149 919 4231 14)
944 4149 1112 4213 Graviscae
1154 4150 1208 4232 15)
1232 4149 1424 4213 Laurentum
1460 4152 1515 4229 16)
1543 4152 1706 4219 Liternum

344 4258 404 4341 17)
421 4256 599 4321 Minturnae
626 4257 681 4339 18)
700 4254 836 4321 Nuceria
852 4254 1036 4318 Constantis
1069 4255 1123 4336 19)
1140 4255 1254 4318 Parma
1283 4255 1339 4338 20)
1356 4256 1487 4320 Perusia
1510 4244 1567 4340 21)
1583 4258 1707 4325 Puteoli

343 4361 404 4445 22)
428 4360 506 4424 Sora
544 4360 600 4444 23)
624 4359 767 4424 Teanum
783 4359 960 4423 Sidicinum
1001 4360 1058 4442 24)
1083 4359 1207 4422 Verona
1240 4360 1298 4443 25)
1321 4359 1520 4424 Volturnum.
1566 4360 1708 4427 Admisit

342 4471 450 4529 autem
462 4464 653 4546 Borghesius
669 4484 794 4546 quoque
809 4462 986 4547 complures
1000 4462 1196 4526 auctoritatis
1209 4481 1323 4547 parum
1335 4468 1446 4526 certae.
1471 4463 1552 4527 Tota
1564 4467 1707 4547 quaestio

344 4588 407 4632 non
435 4568 538 4632 solum
567 4567 661 4631 huius
686 4566 934 4631 commentarioli
959 4566 1036 4628 finos
1061 4566 1233 4647 egreditur,
1266 4565 1322 4629 sed
1349 4567 1445 4630 etiam
1468 4567 1554 4630 haud
1577 4568 1642 4633 scio
1667 4591 1707 4633 an

416 4806 437 4867 ¹¹)
459 4807 553 4859 Verum
573 4810 615 4857 ost
634 4806 702 4873 apud
716 4805 817 4857 Livium
832 4804 884 4873 legi
898 4804 939 4866 28,
952 4805 979 4856 2:
1001 4806 1094 4855 Poenus
1115 4824 1165 4855 cum
1185 4816 1268 4855 caetra
1287 4817 1335 4855 tam
1348 4807 1418 4869 sorte
1435 4807 1471 4855 ud
1485 4808 1603 4856 sociorum
1616 4810 1707 4859 enims

345 4896 369 4943 in
384 4894 491 4944 Baetica
512 4894 665 4943 continendos
683 4894 707 4941 in
720 4892 776 4955 fide
795 4894 908 4951 haberem
928 4894 954 4941 at
973 4892 1051 4942 verba
1070 4893 1094 4939 ia
1107 4891 1216 4940 Baetica
1235 4905 1266 4941 eo
1286 4905 1337 4958 quo
1350 4892 1472 4959 leguntur
1484 4892 1542 4943 loco
1555 4892 1616 4944 ferri
1628 4908 1707 4961 posse

346 4984 444 5048 negant
457 4980 576 5032 Dukerus
596 4984 623 5031 et
636 4978 781 5045 Madvigius
801 4982 880 5040 recte,
900 4978 1106 5044 crediderimque
1125 4993 1157 5028 ea
1175 4992 1225 5028 uon
1245 4979 1440 5044 transponenda
1452 4994 1519 5039 esse,
1539 4979 1586 5029 ssd
1598 4978 1708 5031 delenda

345 5071 436 5134 utpote
460 5066 593 5134 adscripta
614 5066 647 5117 ad
671 5065 881 5132 antiquissimum
904 5066 1002 5117 hiatum
1026 5064 1190 5130 explendum.
1234 5063 1299 5115 Nam
1324 5065 1395 5115 nullo
1419 5066 1477 5115 loco
1502 5070 1636 5131 praeterea
1659 5079 1707 5131 pro

345 5153 469 5205 ulteriore
489 5152 601 5219 Hipania
619 5152 751 5205 Baeticam
772 5150 863 5203 Livius
883 5152 984 5203 videtur
1004 5166 1153 5217 usurpasse.

1472 5254 1507 5306 6*
