4400 6175
3181 719 3301 787 131

761 895 873 960 ille
916 896 1232 980 pertineat
1286 896 1365 962 ad
1425 917 1654 982 pueros
1701 897 1982 962 nondum
2039 897 2110 961 in
2154 897 2361 962 forum
2409 890 2755 977 deductos,
2815 899 2887 965 hi
2931 899 3014 965 ad
3057 897 3305 964 adules-

759 1004 973 1066 centes
1016 1000 1129 1084 qui
1156 998 1409 1066 virilem
1437 1009 1650 1084 togam
1681 1001 2124 1087 sumpsissent,
2168 1001 2358 1067 illum
2399 1000 2583 1086 pueri
2612 1001 2742 1088 ipsi
2770 1003 2841 1067 in
2872 1003 3035 1070 circo
3064 1004 3300 1081 ineant,

755 1103 874 1168 hos
921 1103 1055 1168 suis
1088 1105 1449 1189 sumptibus
1494 1105 1687 1170 seviri
1717 1105 1956 1171 faciant
1998 1105 2432 1190 praesidentes
2468 1105 2551 1170 iis
2590 1107 2775 1191 quasi
2813 1107 3076 1191 quidam
3107 1106 3303 1190 magi-

761 1213 1019 1274 stratus.

573 1388 637 1452 p.
660 1367 753 1431 48
801 1387 863 1432 v.
897 1368 977 1432 19
1024 1374 1169 1453 post
1211 1371 1559 1451 imperante
1603 1368 1842 1434 excidit
1884 1391 1979 1435 eo.

573 1532 635 1596 p.
661 1513 774 1575 49.
870 1511 1049 1576 Misit
1095 1511 1176 1576 ad
1234 1535 1338 1578 me
1383 1513 1582 1578 Roma
1625 1514 1936 1599 Iosephus
1979 1513 2232 1579 Lovatti
2289 1513 2379 1577 rei
2436 1512 2831 1576 nummariae
2876 1513 3302 1599 peritissimus

752 1615 1044 1701 mihique
1089 1618 1331 1683 amicus
1378 1626 1675 1704 ectypum
1720 1627 2049 1706 acceptum
2096 1642 2135 1684 a
2179 1619 2317 1684 viro
2365 1617 2718 1684 clarissimo
2750 1625 2814 1682 et
2842 1616 3301 1682 humanissimo

751 1721 1048 1786 Tesserio
1094 1722 1339 1788 nummi
1383 1724 1575 1789 huius
1622 1725 1859 1789 servati
1904 1725 1971 1788 in
2020 1722 2406 1790 bibliotheca
2448 1723 2786 1789 Vaticana:

765 2357 957 2423 Addit
1003 2357 1172 2422 idem
1204 2357 1532 2422 Lovattius
1580 2355 1822 2422 editum
1871 2377 2009 2422 esse
2056 2355 2389 2423 nummum
2437 2358 2587 2422 olim
2624 2381 2662 2422 a
2694 2358 2936 2424 Goltzio
2982 2359 3155 2445 (opp.
3200 2358 3298 2425 sd.

769 2465 1062 2547 Antverp.
1101 2461 1269 2525 1708
1331 2462 1455 2528 vol.
1489 2461 1528 2525 2
1587 2461 1752 2526 inter
1809 2481 2102 2526 nummos
2150 2461 2234 2527 Μ.
2271 2463 2532 2527 Antonii
2590 2463 2723 2529 tab.
2756 2463 2843 2528 40
2887 2483 2948 2526 n.
2982 2463 3060 2547 1)
3115 2470 3180 2526 ct
3223 2483 3300 2526 ex

767 2565 999 2631 Goltzio
1046 2587 1083 2629 a
1114 2565 1455 2629 Vaillantio
1502 2565 1704 2650 (num.
1755 2565 1902 2630 fam.
1948 2565 2179 2630 Anton.
2229 2567 2440 2646 n.74),
2491 2566 2696 2631 denuo
2742 2587 2946 2652 nuper
2991 2588 3029 2630 a
3073 2566 3301 2631 comite

758 2669 992 2735 Milano
1067 2672 1519 2754 (proyressivo
1583 2671 1806 2734 lavoro
1848 2690 1969 2752 per
2030 2667 2131 2733 ἴα.
2185 2670 2346 2735 1851
2413 2673 2540 2756 p.2
2574 2676 2727 2756 sq.)‚
2796 2670 2907 2754 qui
2973 2669 3099 2734 tria
3163 2670 3299 2734 eius

756 2773 1048 2859 exempla
1102 2774 1454 2860 repperisse
1502 2795 1569 2838 se
1617 2773 1840 2838 scribit
1882 2773 1950 2837 in
2006 2793 2224 2837 museo
2274 2775 2600 2839 Paschalis
2650 2775 2847 2840 Grillo
2893 2775 2961 2838 in
3006 2775 3299 2859 Aprutiis

753 2877 925 2960 quod
969 2876 1111 2953 fuit,
1158 2877 1288 2942 iam
1333 2896 1567 2942 venum
1613 2875 1778 2942 dato,
1847 2875 2102 2940 Praeter
2146 2896 2479 2941 nummum
2511 2873 2934 2943 bibliothscae
2956 2877 3301 2942 Vaticanae

753 2981 1081 3046 Lovattius
1141 2980 1280 3066 ipse
1338 2979 1501 3045 vidit
1557 2979 1792 3044 Romae
1849 2964 2153 3043 nummos=
2204 2979 2362 3043 duos
2420 2980 2577 3046 alios
2638 2989 2842 3046 certae
2899 2981 3301 3065 antiquitatis

750 3095 1116 3169 utrumque,
1165 3085 1432 3149 alterurn
1479 3082 1648 3169 apud
1679 3082 2112 3169 Depolettium
2158 3083 2583 3168 negotiantem
2629 3107 2841 3150 rerum
2871 3085 3296 3169 antiquarum,

756 3190 1030 3254 alterum
1085 3189 1255 3275 apud
1313 3189 1586 3255 amicum
1643 3187 1982 3272 quendam.
2087 3187 2266 3254 Idem
2325 3190 2548 3255 scribit
2605 3196 2884 3277 repertos
2944 3211 3083 3254 esse
3140 3190 3298 3255 duos

756 3299 924 3358 certe
955 3313 1034 3358 ex
1061 3293 1236 3358 hisce
1266 3292 1546 3359 nummis
1557 3293 1935 3358 Vaticanum
1967 3299 2031 3357 et
2051 3292 2567 3378 Depolettianum
2589 3294 2659 3358 in
2681 3294 2978 3359 thesauro
3002 3294 3297 3378 quodam,

757 3398 826 3461 in
897 3417 1021 3481 quo
1092 3417 1219 3462 non
1279 3403 1492 3461 essent
1549 3397 1675 3460 nisi
1743 3395 1987 3464 denarii
2057 3397 2380 3479 legionum
2449 3398 2983 3476 Antonianarum,
3051 3399 3300 3483 peculio

754 3500 1076 3585 quondam
1122 3501 1343 3585 opinor
1385 3500 1610 3566 militis
1659 3501 1929 3565 alicuius
1976 3502 2324 3576 Antoniani
2383 3501 2492 3584 qui
2542 3501 2624 3566 ad
2669 3503 2929 3569 Actium
2973 3501 3303 3568 dimicavit

755 3606 1171 3690 denariosque
1228 3606 1375 3670 illos
1434 3604 1734 3690 stipendii
1793 3605 2048 3669 nomine
2109 3606 2373 3690 accepit3
2440 3606 2513 3670 ut
2570 3608 2806 3691 reperti
2864 3614 3013 3670 sunt
3057 3605 3300 3670 similes

757 3707 1041 3774 thesauri
1084 3730 1209 3773 non
1254 3709 1561 3774 habentes
1609 3709 1733 3772 nisi
1783 3708 1948 3772 solos
1998 3708 2289 3772 denarios
2335 3709 2704 3773 Italicorum
2751 3710 2841 3793 (v.
2891 3718 3045 3773 ro'm.
3083 3711 3298 3773 Mans-

752 3835 957 3879 wesen
1003 3834 1064 3898 p.
1091 3813 1274 3898 325).
1343 3812 1564 3896 Itaque
1607 3813 1737 3877 iam
1782 3811 2090 3877 habemus
2122 3810 2413 3875 denarios
2446 3810 2766 3895 legionum
2794 3811 3300 3877 Antonianarum

757 3916 987 4000 viginti
1017 3916 1317 4000 quinque,
1365 3937 1592 4001 nempe
1623 3935 1883 3979 numero
1926 3915 2221 3980 continuo
2269 3935 2308 3977 a
2351 3914 2559 3999 prima
2588 3915 2669 3978 ad
2700 3915 3070 3980 vicesimam
3110 3937 3298 3999 quar-

750 4031 904 4099 tam,
953 4028 1278 4107 praeterea
1319 4022 1695 4098 tricesimae,
1745 4020 1924 4084 cuius
1970 4019 2282 4084 rarissimi
2330 4018 2572 4083 denarii
2617 4020 2773 4085 item
2816 4041 2893 4083 ex
2935 4040 3154 4085 museo
3178 4021 3297 4086 Va-

753 4125 963 4190 ticano
1031 4132 1327 4211 ectypum
1369 4126 1696 4191 Lovattius
1753 4124 2281 4189 subministravit.
2389 4124 2682 4189 Ceterum
2738 4144 2815 4187 ea
2869 4144 3030 4207 quae
3076 4146 3296 4211 propo-

750 4230 1002 4294 suimus
1058 4236 1391 4315 propterea
1446 4251 1572 4295 non
1617 4235 1976 4305 mutantur3
2038 4248 2186 4293 nam
2236 4228 2588 4311 legionum,
2651 4248 2809 4311 quas
2856 4227 3172 4293 Antonius
3218 4230 3296 4292 ad

749 4334 1013 4399 Actium
1071 4334 1321 4410 habuit,
1380 4354 1715 4399 numerum
1773 4340 2058 4397 accurate
2121 4339 2405 4396 auctores
2454 4353 2577 4396 non
2625 4332 2902 4396 tradunt.
