4400 6175
512 713 578 768 xlv

529 909 676 957 nummos
748 888 878 954 tertium
951 887 1074 954 uiritim
1148 888 1222 955 dedi
1296 889 1383 973 quali
1457 911 1528 956 mea
1598 891 1759 974 congiaria
1830 893 1978 958 frumenti

530 1036 832 1054 ..........
878 1011 956 1058 num
1029 1011 1194 1076 nunquam
1266 992 1373 1058 minus
1447 994 1680 1078 quinquaginta
1746 1002 1778 1060 et
1845 995 1978 1060 ducenta

421 1099 452 1173 3,
467 1116 495 1161 rs
533 1139 973 1158 ..............
1003 1096 1053 1162 sia
1125 1095 1470 1179 duodeuigintesimum
1541 1096 1653 1162 consul
1726 1098 1877 1164 trecentis
1945 1109 1978 1166 et

531 1199 646 1282 uiginti
709 1199 854 1266 millibus
918 1199 1022 1285 plebis
1085 1201 1229 1266 urbanae
1291 1219 1463 1284 sexagenos
1522 1200 1668 1268 decenos
1725 1201 1848 1268 uiritim
1906 1203 1977 1268 dedi

530 1313 563 1368 ct
622 1301 730 1387 quinis
787 1302 927 1369 militum
981 1321 1125 1369 meorum
1186 1303 1298 1368 consul
1353 1304 1501 1388 quintum
1556 1323 1595 1369 cx
1651 1305 1802 1370 mauibiis
1857 1307 1976 1372 uiritim

530 1408 634 1474 millia
686 1428 854 1472 nummum
905 1406 1033 1490 singula
1089 1407 1163 1475 dedi
1219 1413 1407 1494 acceperunt
1457 1408 1491 1474 id
1539 1409 1732 1496 triumphale
1784 1411 1977 1495 congiarium

530 1513 564 1578 in
615 1513 755 1578 colonias
806 1511 970 1578 bominum
1019 1511 1144 1578 circiter
1195 1519 1323 1579 centum
1374 1518 1419 1587 et,
1456 1513 1571 1596 uiginti
1622 1514 1727 1580 millia
1777 1515 1887 1582 consul
1931 1521 1977 1581 ter

531 1617 613 1684 tium
653 1615 812 1682 decimum
850 1636 1024 1700 sexagenos
1059 1615 1205 1682 denarios
1239 1616 1327 1703 plebi
1363 1637 1444 1701 quae
1481 1624 1550 1684 tum
1588 1619 1782 1685 [rumentum
1815 1620 1978 1705 publicum

532 1741 605 1785 acce
628 1764 770 1782 .....
799 1717 874 1784 dedi
895 1739 934 1784 eo
954 1719 1059 1784 millia
1079 1718 1244 1786 hominum
1266 1720 1374 1805 paullo
1394 1719 1435 1804 ¹⁰)
1458 1720 1552 1806 plura
1574 1741 1671 1806 quam
1693 1722 1831 1790 ducenta
1852 1725 1978 1788 luerunt

532 1868 869 1885 ...........
901 1823 984 1907 agris
1015 1842 1093 1906 quos
1122 1823 1156 1888 in
1186 1823 1354 1891 consulatu
1380 1843 1450 1888 meo
1473 1831 1585 1908 quarto
1609 1832 1641 1891 et
1662 1832 1773 1911 postea
1795 1827 1976 1894 oonsulibus

530 1927 690 2013 msrco¹⁷)
728 1934 761 1992 et
797 1948 847 1994 on.
885 1927 1007 1996 lentulo
1045 1947 1163 2010 augure
1197 1927 1365 2011 adsignaui
1401 1926 1560 1994 militibus
1596 1929 1681 1994 solui
1717 1929 1901 2018 municipiis
1936 1951 1977 2016 pa

531 2075 940 2094 .............
963 2032 1079 2098 ortium
1102 2032 1226 2098 circiter
1249 2051 1382 2115 sergens
1406 2038 1450 2096 im
1474 2031 1599 2098 itineris
1621 2033 1699 2099 emit
1721 2054 1817 2117 quam
1839 2035 1976 2100 romanis

464 2157 493 2202 as
530 2157 606 2223 prae
630 2181 772 2198 .....
799 2137 967 2202 numereui
996 2143 1029 2202 et
1163 2177 1674 2199 ................
1699 2137 1784 2221 quod
1813 2157 1870 2224 pro
1896 2139 1977 2220 agris

530 2225 780 2327 prouincialibus
808 2240 892 2304 solui
926 2283 1236 2302 ..........
1266 2260 1350 2305 unus
1372 2246 1405 2305 et
1427 2239 1518 2308 solue
1537 2239 1679 2307 omnium
1703 2240 1759 2324 qui
1782 2241 1978 2308 deduxerunt
2048 2275 2049 2326 3

529 2344 669 2410 colonias
769 2344 909 2410 militum
1007 2344 1042 2409 in
1141 2345 1299 2430 prouintis
1313 2344 1352 2428 ¹⁸)
1449 2343 1490 2410 ad
1584 2344 1769 2412 memoriam
1866 2346 1977 2411 aetatis

484 2509 490 2516 .
528 2470 619 2514 meae
648 2448 711 2512 feci
739 2455 849 2533 postea
883 2469 1000 2514 nerone
1033 2456 1066 2514 et
1098 2471 1148 2517 cn.
1176 2449 1288 2536 pisone
1323 2448 1507 2515 consulibus
1535 2448 1676 2531 itemque
1706 2495 1748 2511 ..
1794 2449 1978 2532 paucissimo

531 2561 565 2617 et
590 2552 621 2618 d.
644 2552 720 2624 lelio
749 2552 934 2618 consulibus
957 2595 1805 2616 ..........................
1830 2554 1979 2618 messalla

464 2677 494 2722 eo
529 2656 716 2722 consulibus
749 2663 782 2722 ct
814 2657 837 2720 l.
871 2656 996 2721 caninio
1031 2663 1064 2722 et
1097 2677 1128 2740 q.
1164 2655 1295 2722 fabricio
1334 2655 1519 2722 consulibus
1562 2696 1772 2718 .......
1802 2677 1880 2740 quos
1910 2677 1977 2722 eme

530 2760 602 2824 ritis
625 2759 795 2845 stipendiis
817 2760 851 2824 in
873 2760 1131 2844 euomunieipia
1159 2801 1336 2821 ......
1366 2780 1476 2843 praem
1499 2803 1976 2822 ...............

530 2863 671 2949 percolui
693 2885 791 2948 quom
828 2909 970 2926 .....
1006 2863 1040 2928 in
1067 2869 1134 2931 sest
1167 2908 1378 2925 .......
1408 2861 1479 2929 mili
1502 2907 1979 2926 ...............

530 2968 674 3054 impendi

529 3078 642 3159 qnater
664 3118 673 3135 .
697 3119 707 3136 .
732 3118 773 3135 ..
814 3073 868 3139 aui
902 3073 1059 3139 aerarium
1092 3071 1139 3137 ita
1177 3080 1214 3138 ut
1247 3071 1430 3137 sestertium
1463 3070 1566 3164 millio
1600 3116 1980 3137 ............

530 3178 705 3261 quingenta
727 3176 855 3262 dedi¹⁹)
901 3222 1043 3239 .....
1067 3177 1139 3242 raui
1163 3177 1282 3242 aerario
1306 3176 1408 3241 detuli
1437 3220 1981 3239 .................
2047 3152 2048 3175 ¹

532 3325 1344 3344 .........................
1370 3278 1981 3362 quoderconsilicmw..

532 3428 1343 3448 .........................
1367 3383 1526 3451 militibus
1554 3384 1633 3468 quin

532 3532 973 3552 ..............
997 3487 2047 3556 ιιὶθτιιίεε,θιιὴ148ιηῦ...................1

530 3637 1004 3656 ...............
1030 3592 1173 3658 odetuli

530 3742 770 3760 ........
777 3720 804 3757 ·.
829 3741 838 3757 .
862 3742 870 3757 .
895 3741 904 3756 .
929 3740 937 3757 .
962 3742 972 3757 .
996 3717 1045 3761 cn.
1076 3718 1108 3783 p.
1140 3696 1262 3763 lentulo
1292 3742 1300 3756 .
1325 3740 1334 3759 .
1359 3740 1367 3757 .
1391 3696 1461 3761 ules
1491 3697 1620 3763 fuerunt
1648 3716 1719 3763 cum
1755 3696 1843 3759 d..
1876 3703 1985 3759 cerent

531 3843 972 3865 ..............
1002 3807 1130 3865 centum
1159 3797 1304 3867 millibus
1331 3798 1495 3865 hommum
1877 3818 1895 3862 o
1931 3800 1984 3863 fru

946 3907 1171 3970 desiderantur
1193 3907 1327 3987 quinque
1350 3906 1453 3972 linceo

444 4062 454 4088 ,
534 4010 656 4075 curiam
722 4014 754 4073 et
821 4008 962 4073 contines
977 4006 1020 4093 ²⁰)
1088 4015 1121 4073 et
1188 4006 1396 4073 calehidicum
1457 4005 1678 4089 templumque
1737 4004 1886 4091 apollinis
1950 4006 1985 4069 in

532 4116 652 4201 palatio
704 4133 776 4179 oum
825 4112 1001 4197 porticibus
1052 4113 1163 4177 aedem
1217 4112 1285 4177 diui
1335 4110 1406 4175 iulii
1456 4109 1597 4193 lupercal
1647 4110 1803 4194 porticum
1849 4110 1889 4175 od
1938 4110 1986 4174 cir
2043 4162 2044 4171 ,

532 4240 605 4284 eum
647 4216 825 4284 flaminium
863 4236 958 4299 quem
995 4237 1067 4282 sum
1105 4215 1259 4303 appellari
1298 4234 1412 4299 passus
1459 4234 1498 4277 ex
1540 4212 1669 4282 nemius
1716 4213 1786 4279 eius
1832 4214 1888 4297 qui
1934 4214 1989 4297 pri

532 4344 618 4389 crem
656 4321 766 4387 eodem
810 4320 846 4385 in
883 4319 950 4385 solo
992 4320 1113 4385 feceret
1158 4319 1315 4388 octauiani
1360 4314 1511 4403 puluinar
1555 4316 1596 4381 od
1641 4317 1763 4382 aucum
1805 4316 1987 4387 maximum

535 4426 630 4493 aedes
667 4425 701 4489 in
738 4422 886 4509 capitolio
923 4424 1007 4489 iouis
1043 4424 1165 4489 feretrii
1177 4423 1221 4508 ²¹)
1266 4429 1299 4487 et
1334 4421 1417 4486 ienis
1455 4421 1595 4489 tonantis
1633 4420 1757 4489 aedem,
1792 4420 1930 4505 quirinis
1943 4420 1990 4505 ²²)

534 4532 629 4600 aedas
666 4528 842 4615 mundo²³)
884 4537 917 4594 et
952 4530 1080 4597 iunonis
1119 4570 1327 4591 .......
1373 4533 1406 4593 et
1441 4525 1524 4591 iouis
1562 4524 1720 4591 libertatis
1759 4525 1793 4591 in
1833 4525 1990 4589 euentino

534 4636 645 4699 aedem
692 4634 794 4700 larum
840 4632 874 4697 in
919 4654 1045 4702 summe
1088 4652 1180 4699 sacra
1224 4632 1279 4695 uia
1322 4629 1433 4695 aedem
1479 4629 1574 4698 deum
1617 4628 1784 4714 penatium
1825 4629 1860 4699 iu
1898 4628 1992 4693 uelia

534 4736 645 4801 aedem
722 4738 896 4802 iuuentutis
974 4735 1085 4801 aedem
1161 4734 1274 4799 matris
1356 4732 1520 4817 megdelae
1604 4732 1638 4797 in
1722 4732 1840 4817 palatio
1924 4732 1994 4795 feci

535 4841 701 4907 sertorium
717 4840 760 4925 ²⁴)
790 4848 822 4905 et
854 4841 1037 4925 pompeium
1064 4839 1223 4904 theatrum
1253 4844 1424 4920 utrumque
1454 4858 1532 4923 opus
1562 4838 1707 4921 impensa
1743 4835 1855 4917 grandi
1888 4836 1995 4899 refeci

515 5088 551 5153 ¹⁶)
570 5094 648 5160 poulo
666 5114 681 5144 v
766 5089 804 5155 ¹⁷)
826 5106 850 5143 e.
869 5093 914 5142 ias.
933 5110 948 5141 v
1038 5085 1074 5150 ¹⁸)
1096 5088 1240 5155 prouinciis
1258 5108 1273 5138 a·
1364 5084 1401 5147 ¹⁹)
1425 5066 1551 5149 Dile,
1588 5086 1636 5139 dec
1655 5107 1669 5136 s
1755 5083 1792 5147 ²⁰)
1815 5086 1959 5137 continens
1980 5104 1998 5133 ι·

422 5178 465 5242 ²¹)
484 5180 574 5233 feretri
592 5200 606 5230 t·
715 5177 752 5240 ²²)
771 5177 868 5246 quirini
886 5198 901 5227 v
1006 5172 1045 5237 ²³)
1062 5174 1188 5229 mundius
1206 5196 1221 5226 v
1327 5171 1367 5237 ²⁴)
1385 5178 1513 5229 cenorum
