4400 6175
534 726 600 779 XVI

535 906 595 978 5,1
632 875 719 967 mare
770 901 898 985 paaani
935 919 956 965 a
1003 899 1220 985 praedonibus
1267 949 1544 968 .........
1548 951 1578 967 ,.
1621 907 1835 1030 domibus.-

635 1005 763 1124 suis..
772 1049 950 1066 ......
995 1012 1105 1073 eontra
1159 1025 1226 1070 rem
1279 1052 1312 1068 .=
1313 1053 1823 1074 ................

547 1323 578 1396 6,
594 1339 618 1383 ι-
646 1318 730 1401 regis
774 1318 957 1402 parthorum
1008 1359 1823 1384 .........................

593 1425 759 1487 same
802 1422 1048 1504 gentas....
1087 1419 1215 1488 thorum
1263 1431 1297 1487 et
1341 1424 1504 1488 medorum

580 1548 607 1590 re
644 1527 678 1591 in
723 1527 890 1592 oonsvlatu
921 1571 1357 1591 ..............
1366 1569 1368 1576 1
1383 1575 1891 1594 ................

842 1972 929 2028 ·II.
972 1971 1207 2032 OOSSONIAN
1210 1973 1270 2030 VM
1296 1973 1533 2031 EXEMPLVM.

644 2104 759 2170 Daniel
776 2107 895 2171 Cosson
918 2113 1072 2171 mereator
1095 2107 1223 2176 natione
1246 2108 1306 2204 Bet
1292 2114 1385 2172 tavus
1401 2107 1500 2173 Laida
1515 2083 1678 2199 oriundus¹
1702 2129 1759 2192 per
1774 2109 1892 2174 multos

536 2232 634 2276 annos
651 2210 804 2294 Smyrnae
829 2194 945 2291 degens
968 2209 1078 2294 ibique
1101 2232 1130 2286 a
1146 2211 1255 2276 1689
1245 2197 1430 2298 interfectus
1447 2231 1466 2274 a
1482 2211 1566 2299 pirat
1567 2210 1643 2286 ist
1629 2190 1716 2275 tituli
1732 2211 1894 2302 Aneyrani

535 2315 729 2400 comparavit
715 2313 815 2379 tsibi
837 2313 1028 2398 exemplum,
1053 2315 1136 2398 quod
1153 2337 1172 2380 a
1187 2335 1249 2400 quo
1265 2321 1432 2401 exceptum
1447 2315 1498 2392 sit,
1523 2314 1645 2398 ignorat
1647 2336 1699 2394 ur;
1722 2316 1792 2400 ipse
1808 2317 1894 2384 enirn

535 2439 598 2503 non
630 2418 710 2482 adiit
697 2419 896 2501 tAnoyram
925 2419 976 2502 (v.
1007 2419 1182 2484 Gronovius
1213 2418 1294 2484 libro
1323 2438 1397 2483 mox
1428 2417 1552 2508 citando
1575 2439 1605 2502 p.
1621 2419 1694 2502 35).
1746 2419 1784 2486 Id
1811 2421 1894 2486 inter

535 2521 664 2587 schedia
687 2523 754 2586 eius
781 2530 854 2606 post
882 2522 1004 2587 obitum
1027 2528 1188 2607 repertum
1217 2521 1317 2586 edidit
1339 2523 1472 2586 lacobus
1489 2522 1664 2592 Gronovius
1687 2523 1723 2588 in
1743 2530 1893 2608 memoria

537 2629 739 2693 Caesoniana
767 2625 843 2715 sive
857 2628 1004 2690 Danielis
1024 2627 1175 2690 Caesone·
1201 2630 1270 2696 nita
1292 2626 1457 2710 (Lugduni
1481 2611 1551 2690 Bet.
1572 2628 1725 2704 leone
1743 2630 1891 2714 pp.159)

535 2755 566 2818 p.
581 2733 730 2796 57—68.
782 2730 929 2811 Alterum
957 2728 1174 2814 apographum
1201 2731 1326 2816 repperi
1357 2732 1478 2820 Hagae
1494 2732 1577 2802 inter
1604 2731 1736 2796 schedas
1767 2733 1891 2818 Cuperi,

534 2837 592 2900 hoe
615 2835 753 2900 maxime
775 2841 941 2920 praestans
958 2833 1166 2910 Gronoviano,
1191 2834 1276 2919 quod
1298 2835 1345 2900 ihi
1367 2841 1554 2920 separantur
1576 2856 1686 2899 versus
1703 2857 1722 2899 a
1739 2835 1892 2922 Gronovio

514 2940 717 3027 'continuati
751 2941 789 3004 In
812 2940 901 3004 varia
923 2937 1058 3004 lectione
1082 2939 1213 3004 alterius
1236 2940 1338 3004 utrius
1363 2939 1501 3025 exempli
1524 2959 1640 3004 naevos
1662 2939 1838 3022 singulares
1862 2947 1894 3026 et

532 3067 571 3109 ex
595 3046 692 3111 altero
716 3045 861 3130 exemplo
884 3044 1097 3110 emendandos
1112 3044 1300 3129 plerumque
1317 3045 1421 3110 omisi.
1458 3043 1648 3129 Exemplum
1664 3043 1892 3111 Cossonianum

533 3171 727 3233 quamquam
749 3134 880 3240 minime
905 3149 1022 3213 bonum
1045 3154 1152 3213 tamen
1174 3154 1315 3232 praestat
1336 3147 1577 3233 Busbequiap03
1603 3166 1678 3214 nam
1702 3154 1733 3211 et
1755 3168 1836 3239 quae
1859 3149 1892 3216 in

533 3254 592 3316 hoe
615 3260 739 3330 extant,
769 3254 803 3316 in
827 3252 1019 3318 Cossonieuo
1042 3252 1199 3325 habentur
1222 3251 1263 3315 ad
1285 3250 1424 3337 lapidem
1448 3250 1624 3327 emendata,
1655 3256 1686 3315 et
1709 3251 1891 3343 adiciuntur

535 3364 640 3441 pares
663 3357 723 3420 nae
750 3359 777 3432 1,
795 3358 814 3421 a
829 3356 935 3451 -aa
973 3359 1004 3431 4,
1022 3338 1353 3433 ao-aa..5„ae'-
1368 3357 1420 3419 ιι.

823 3650 885 3767 111}
919 3624 1606 3766 vovnunvonvr'lrvvuurrnuvnvm

643 3812 705 3876 los.
726 3812 832 3877 Pithon
853 3813 891 3877 de
913 3813 1101 3877 Teurneiort
1129 3812 1205 3877 dum
1234 3813 1324 3876 iussu
1352 3812 1433 3895 regis
1463 3812 1615 3878 Ludoviei
1636 3812 1709 3877 XIV
1738 3813 1891 3877 orientem

452 3950 456 3957 ·
533 3923 694 4001 peragrat,
733 3939 761 3981 a.
786 3920 868 3982 1701
900 3919 1061 4001 Aneyram
1088 3914 1168 3981 adiit
1195 3915 1332 3999 indeque
1361 3915 1484 3979 rettulit
1512 3916 1729 3982 commentarii
1760 3915 1893 3981 huiusne

468 4074 472 4080 .
533 4019 716 4104 exemplum
739 4020 935 4099 halantem,
968 4027 1052 4085 certe
1076 4021 1105 4084 si
1128 4020 1305 4085 Chishullia
1328 4018 1407 4103 (ant.
1427 4020 1528 4085 Asiat
1552 4020 1672 4103 p.171)
1695 4037 1771 4085 vara
1794 4020 1833 4083 de
1858 4039 1893 4084 eo

445 4171 506 4187 .
531 4124 656 4189 rettulit
676 4124 756 4208 ipse,
782 4132 819 4190 ιιι
840 4126 991 4191 versiauli
1014 4124 1190 4201 versieulis,
1215 4121 1347 4189 laeuone
1368 4118 1502 4200 loannis,
1526 4124 1681 4190 mutilata
1703 4126 1801 4195 verba
1824 4140 1893 4189 mu-

472 4279 476 4285 .
531 4228 632 4293 tilatis
655 4226 890 4313 responderent.
927 4227 1018 4307 Quod
1038 4229 1187 4313 ipsenon
1203 4226 1312 4303 edidit,
1338 4226 1519 4291 sedendam
1536 4244 1617 4294 anno
1630 4228 1892 4311 exeunteSmyr-

470 4384 477 4395 .
532 4353 592 4397 nae
624 4331 801 4397 chiehullio
830 4332 962 4397 tradidit
989 4332 1075 4416 typis
1104 4332 1132 4395 si
1154 4330 1314 4395 videretur
1343 4331 1523 4415 aliquando·
1543 4331 1757 4415 evulgandum
1781 4330 1892 4415 (ehis-

532 4435 601 4499 hull
624 4436 646 4499 l.
664 4437 723 4521 o.);
755 4435 841 4500 unde
869 4435 908 4499 de
931 4455 967 4499 eo
990 4440 1115 4499 oonstet
1136 4433 1233 4497 unius
1255 4434 1426 4499 ohishullii
1454 4434 1651 4511 testimonio,
1679 4434 1746 4499 sod.
1762 4433 1891 4518 dupliai.

535 4538 624 4604 Nam.
639 4541 778 4624 primum
794 4539 991 4604 Chishullius
1014 4544 1087 4622 post
1100 4537 1216 4619 viginti
1231 4542 1467 4620 septemannos
1484 4536 1756 4605 in·eomrnentario
1773 4537 1893 4601 edendo

450 4676 453 4685 ·
535 4641 683 4707 adhibuit
697 4644 877 4728 exemplum
888 4641 1285 4716 illud'loumefartianum,
1305 4660 1407 4722 neque
1425 4646 1531 4713 tamen
1549 4636 1663 4715 solum,
1675 4638 1739 4702 *sed
1757 4647 1893 4723 praeter-

534 4765 571 4808 ea
601 4745 673 4809 aliis
697 4768 822 4831 queque
853 4747 1007 4832 exemplis
1031 4766 1109 4810 usus
1139 4752 1188 4808 est
1209 4764 1312 4827 neque
1336 4744 1436 4808 ullam
1464 4745 1584 4809 variam
1608 4742 1777 4809 lectionem
1800 4744 1894 4809 adno-

479 4934 482 4937 .
533 4850 623 4913 tavit.
662 4852 711 4914 Ita
734 4870 807 4914 oum
828 4870 891 4915 non
915 4852 994 4916 satis
1017 4855 1185 4926 constaret,
1210 4849 1287 4933 quid
1311 4870 1372 4932 quo
1397 4857 1522 4914 auotore
1545 4848 1714 4934 posuisset,
1739 4847 1838 4912 ineidi
1860 4848 1894 4911 in

534 4953 716 5037 exemplum
738 4952 908 5019 memoriae
924 4953 1135 5017 Caesonianae
1158 4954 1222 5018 lae.
1239 4952 1398 5029 Gronovii,
1423 4952 1507 5039 quod
1526 4952 1587 5018 fuit
1602 4951 1679 5017 olim
1694 4950 1893 5039 'Spanhemii

535 5077 620 5119 nuno
642 5062 692 5121 est
712 5056 747 5121 in
770 5056 963 5123 bibliotheca
991 5056 1079 5140 regia
1100 5056 1300 5123 Berolinensi
1323 5054 1391 5139 (Ph
1409 5056 1524 5139 6917),
1556 5055 1589 5121 in
1611 5076 1676 5139 quo
1698 5054 1894 5121 monumenti

535 5161 696 5243 Aneyrani
719 5161 862 5245 exemplo
879 5162 1072 5226 Cossoniano
1096 5160 1273 5244 adscriptae
1298 5166 1372 5223 sunt
1389 5158 1582 5225 ‘additiones
1606 5169 1636 5221 et
1659 5160 1893 5223 emendationes
