4400 6175
951 672 986 736 ΙΙ,
1005 673 1093 728 2-5
1662 676 1702 738 21

331 846 459 908 modum
478 846 651 926 pristinum
674 854 704 908 el
719 847 919 926 splendorem
935 848 1060 928 redepil
1075 847 1199 911 duobus
1216 847 1417 930 lectionibus,
1439 852 1546 929 primo
1560 853 1703 931 ipsoram

334 951 511 1026 arbitratu,
535 967 596 1030 quo
619 951 670 1012 cir
692 952 794 1014 uirum
812 951 899 1032 leoli,
923 953 1062 1014 secondo
1078 971 1137 1014 suo
1154 961 1185 1014 et
1202 953 1378 1034 Aprippoe,
1403 972 1465 1034 quo
1482 962 1620 1035 tempore
1634 955 1702 1016 eci·

332 1055 487 1116 stimulor
510 1055 613 1116 lorioo
635 1055 693 1118 sub
716 1063 802 1117 ceste
824 1056 960 1116 munitus
983 1055 1135 1135 ferroque
1150 1057 1272 1118 cinctus
1285 1059 1502 1137 praesedisse,
1528 1060 1632 1121 666666
1645 1077 1701 1121 oo·

333 1159 521 1222 lectissimis
538 1159 695 1221 amatorii
712 1159 835 1221 ordinis
852 1161 965 1222 omicis
979 1160 1091 1222 sellom
1106 1180 1196 1224 suom
1212 1163 1502 1225 circumstantibus.
1526 1161 1700 1243 Utramque

333 1261 418 1326 hanc
442 1262 608 1326 lectionem
633 1261 790 1345 pertinere
814 1261 852 1326 ad
885 1282 991 1326 curum
1015 1281 1140 1327 morum
1163 1283 1191 1326 a.
1209 1265 1272 1328 736
1297 1270 1477 1348 susceptam
1501 1264 1561 1329 llio
1583 1263 1701 1328 evincit

332 1366 519 1442 54,13.14
542 1367 597 1450 (cl.
623 1385 720 1450 supra
743 1387 773 1450 p.
790 1367 860 1449 16):
890 1386 964 1430 nam
996 1385 1031 1430 eo
1061 1371 1143 1430 testo
1167 1367 1331 1448 Augustus
1353 1373 1423 1432 tum
1445 1367 1585 1452 primum
1614 1375 1701 1432 certa

330 1468 456 1534 ratione
480 1489 499 1532 a
521 1470 588 1534 viro
617 1469 721 1534 virum
751 1469 813 1552 legi
842 1468 952 1546 iussit,
985 1467 1100 1533 deinde
1123 1469 1290 1533 fraudibus
1318 1470 1510 1553 quibusdam
1533 1471 1699 1554 patefactis

331 1575 404 1657 ipse
426 1573 567 1657 reliquos
590 1573 813 1638 adnumerum
837 1572 922 1654 legit.
960 1571 1076 1636 Eodem
1099 1572 1277 1637 rettulerim
1293 1593 1388 1655 quem
1402 1574 1485 1638 inter
1499 1594 1583 1638 nova
1596 1573 1701 1638 oflicia

331 1678 374 1740 ab
388 1679 531 1760 Augusto
547 1676 723 1758 excogitata
734 1676 904 1740 Suetonius
920 1678 995 1740 637
1013 1686 1157 1741 recenset
1171 1681 1402 1742 triumuiratum
1418 1681 1541 1759 lepeadi
1556 1688 1699 1760 salutm,

334 1781 392 1864 qui
414 1780 574 1845 triumviri
601 1786 764 1864 praeterea
792 1801 853 1846 non
877 1787 1100 1846 memorantur.
1148 1781 1207 1845 Dic
1230 1787 1361 1845 senatus
1383 1781 1552 1846 lectionem
1574 1790 1698 1866 praeter

332 1905 362 1948 a.
380 1885 445 1948 736
469 1883 632 1948 adnotavit
647 1891 773 1966 quater:
797 1904 825 1947 a.
840 1885 913 1948 725.
929 1885 992 1948 726
1008 1904 1073 1948 una
1088 1905 1161 1948 cum
1175 1904 1273 1948 ceusu
1289 1885 1357 1968 (52,
1370 1887 1423 1951 42.
1448 1887 1501 1961 53,
1517 1890 1568 1965 l)3
1592 1906 1620 1949 a.
1633 1888 1695 1951 741

332 1988 403 2052 sine
419 2009 516 2052 censu
533 1988 602 2070 (54,
620 1990 690 2072 26);
717 2011 745 2052 a.
764 1990 828 2052 743
851 2008 916 2052 una
931 2010 1003 2052 cum
1020 2009 1117 2053 censu
1132 1989 1201 2072 (54,
1215 1990 1257 2053 35
1275 1991 1314 2052 cl.
1327 1989 1399 2072 28);
1425 1991 1531 2054 6752
1546 2010 1697 2055 unacum

332 2113 432 2156 censu
455 2093 609 2177 (5513),
641 2113 775 2176 quarum
803 2092 976 2158 lectionum
1005 2092 1109 2176 prima
1131 2093 1200 2156 sola
1227 2092 1426 2157 dubitatione
1447 2100 1541 2170 caret,
1570 2093 1698 2157 tertiam

333 2217 433 2280 supra
454 2197 636 2262 rettulimus
659 2197 700 2261 ad
723 2216 832 2261 euram
855 2217 978 2261 morum
1000 2217 1037 2264 eo
1061 2216 1143 2262 anno
1165 2197 1295 2261 tertium
1319 2204 1509 2281 susceptam,
1539 2197 1697 2262 secundae

332 2308 367 2364 66
390 2305 520 2383 quartae
544 2320 607 2364 non
636 2300 738 2382 magis
760 2301 842 2365 ratio
864 2299 956 2364 reddi
978 2306 1082 2384 potest
1105 2320 1202 2383 quam
1225 2300 1413 2364 omissorum
1437 2321 1589 2366 censuum
1610 2321 1697 2366 vero·

333 2426 406 2468 rum
430 2424 457 2470 a.
475 2406 548 2468 746.
567 2406 640 2468 767.
688 2405 761 2488 lpse
785 2405 948 2488 Augustus
972 2424 1044 2468 cum
1072 2403 1185 2468 scribit
1207 2411 1352 2467 senatum
1375 2425 1410 2468 se
1433 2404 1548 2487 legisse
1571 2411 1628 2482 ter,
1651 2405 1696 2469 vi-

332 2508 426 2572 detur
449 2507 625 2590 significare
648 2507 825 2572 ordinarias
847 2515 912 2572 tres
936 2514 1064 2572 senatus
1088 2508 1239 2573 lectiones
1261 2529 1328 2572 una
1343 2529 1414 2572 oum
1429 2509 1533 2573 tribus
1548 2509 1696 2574 censibus

333 2633 362 2680 a.
380 2614 455 2678 726.
473 2614 546 2676 746.
565 2614 627 2676 767
651 2611 830 2688 institutam
860 2632 935 2678 nam
958 2612 1101 2694 legitima
1124 2621 1253 2676 senatus
1276 2612 1370 2676 lectio
1393 2611 1462 2676 sola
1484 2633 1522 2676 ea
1543 2619 1592 2676 est
1614 2632 1695 2694 quae

332 2737 406 2800 pars
430 2723 479 2780 est
493 2736 607 2780 census
628 2716 738 2800 populi
753 2715 895 2792 Romani,
920 2716 1094 2799 suadetque
1118 2716 1203 2780 idem
1218 2737 1301 2799 quae
1316 2717 1425 2780 statim
1440 2717 1585 2800 sequitur
1598 2716 1695 2780 trium

333 2840 487 2886 censuum
516 2820 612 2904 plena
640 2819 806 2884 enarratio.
855 2818 1064 2884 Recensiones
1087 2828 1193 2883 autem
1217 2826 1347 2884 senatus
1371 2839 1453 2903 quae
1476 2841 1539 2884 non
1563 2841 1602 2884 ex
1624 2840 1694 2883 cen·

332 2945 409 2988 sura
424 2923 652 2988 descenderent
674 2923 730 2987 sed
746 2943 785 2986 ex
801 2941 877 2986 cure
891 2941 1024 2998 morum,
1050 2924 1160 2998 faetus,
1185 2922 1268 2986 sicut
1289 2941 1386 3006 supra
1402 2922 1552 2998 vidimus,
1576 2943 1604 2985 a.
1619 2925 1692 2986 735.

332 3029 409 3097 736.
423 3029 486 3094 743
511 3027 698 3093 crediderim
721 3025 779 3091 hoo
800 3026 867 3091 loco
884 3045 945 3090 non
962 3025 1106 3103 indicari,
1131 3025 1206 3091 licet
1219 3046 1254 3089 re
1269 3026 1340 3111 ipsa
1356 3026 1457 3092 multo
1473 3025 1645 3091 severiores
1661 3034 1694 3090 et

329 3133 524 3199 efficaciores
545 3132 644 3197 luisse
667 3131 835 3196 videantur
858 3150 953 3214 quam
977 3131 1147 3196 sollemnes
1171 3131 1346 3195 censuales.

401 3614 466 3658 uir.
486 3595 547 3675 2,6
581 3600 614 3657 66
640 3592 679 3656 16
703 3591 874 3657 consulatu
904 3600 995 3657 sexto
1026 3616 1159 3658 censum
1182 3592 1295 3678 populi
1319 3594 1454 3677 conlepa
1477 3594 1525 3659 M.
1542 3597 1692 3681 Agrippa

535 3726 549 3769 a
585 3702 647 3793 egi.
671 3710 712 3775 61
743 3702 899 3769 Lustrum
922 3713 999 3791 post
1022 3728 1142 3769 annuum
1170 3704 1306 3769 alterum
1330 3714 1362 3770 et
1385 3704 1691 3799 quadragensimum

535 3838 549 3882 4
583 3818 684 3884 fecis·
734 3814 809 3897 Quo
831 3816 935 3881 lustro
959 3813 1086 3886 eivilum
1113 3816 1335 3882 Romanorum
1359 3841 1457 3882 censa
1480 3826 1556 3882 sunt
1585 3817 1690 3902 capita

536 3950 550 3994 5
585 3927 800 4016 quadragiens
825 3937 954 3993 centum
978 3928 1079 3993 millia
1103 3937 1134 3993 et
1157 3933 1336 4016 sexalginta
1358 3929 1419 3993 tria
1440 3928 1550 3993 millia.

330 4064 378 4107 66.
388 4046 419 4126 4,
433 4062 461 4106 16
474 4061 500 4105 11
519 4062 546 4105 12
572 4038 681 4105 Ἕκτον
712 4042 828 4111 bactros
857 4040 909 4125 rip
939 4040 1129 4125 ἀποτείμησιν
1160 4046 1211 4104 τοῦ
1233 4042 1332 4126 δήμου
1357 4042 1549 4127 συνάρχονΙτα
1576 4040 1688 4128 ἔ[χ]ων

514 4173 541 4216 13
574 4151 696 4239 Μάρκον
708 4152 865 4237 Ἀγρίππαν
891 4150 1010 4239 ἔλαβον,
1034 4154 1097 4236 ἥτις
1120 4153 1339 4239 daolirelpqprc
1362 4154 1437 4239 μετὰ
1448 4152 1609 4240 [δεύτερον]
1623 4176 1688 4219 τεσ-

512 4284 540 4328 14
575 4266 756 4349 supersecta
788 4263 938 4349 ἐνιαυΙ[τὸν
963 4264 1117 4349 ἐγέΜετο.
1158 4261 1241 4349 ἐΜ
1270 4266 1464 4351 ἀποτειμήσει
1478 4263 1687 4352 Ῥωμαί[ω]61

511 4395 540 4439 16
574 4376 788 4461 [ἐτειμήσαντο]
812 4377 932 4459 (celera
951 4380 1140 4458 perierunt).

330 4490 485 4573 Copulam
508 4476 610 4552 initio'
623 4488 706 4552 male
728 4488 885 4553 intrusam
909 4509 978 4551 esse
1002 4489 1142 4553 ostendit
1164 4488 1237 4554 cuin
1259 4490 1362 4553 versio
1387 4488 1505 4552 Graeca
1527 4495 1596 4552 tum
1617 4488 1689 4572 ipsa

329 4614 390 4656 res.
442 4591 523 4656 Nota
551 4598 656 4655 autem
684 4592 771 4657 haec.
819 4593 918 4657 Actus
948 4599 996 4656 est
1019 4613 1133 4656 census
1163 4599 1243 4657 teste
1267 4593 1367 4657 Dione
1390 4592 1472 4675 (52,
1489 4594 1541 4657 42.
1574 4592 1686 4675 53,1)

329 4716 386 4780 per
414 4716 513 4760 annos
536 4696 600 4760 725
624 4703 656 4761 66
678 4696 752 4772 726,
784 4696 922 4761 lustrum
952 4701 1057 4759 autem
1089 4697 1251 4762 eonditum
1281 4718 1351 4762 esse
1381 4697 1439 4762 hoc
1469 4715 1551 4760 anno
1573 4702 1605 4759 et
1626 4696 1687 4760 Dio

329 4799 442 4864 scribit
465 4806 496 4863 et
519 4801 683 4865 confirmat
705 4800 773 4884 ipse
790 4801 963 4883 Augustus,
988 4821 1058 4864 cum
1083 4802 1118 4865 in
1141 4801 1290 4866 censibus
1312 4802 1461 4867 omnibus
1481 4821 1598 4864 annum
1614 4820 1687 4863 666-

328 4923 422 4967 surae
446 4924 509 4969 non
531 4908 669 4987 coeptae,
694 4902 750 4966 sed
773 4903 880 4967 finitae
903 4902 1116 4988 adscripserit.
1156 4905 1310 4969 Censores
1333 4905 1388 4989 qui
1411 4904 1484 4968 faeti
1508 4909 1583 4968 sunt
1604 4902 1686 4967 inter

329 5010 365 5073 L.
383 5008 522 5073 Gellium
545 5015 577 5071 66
600 5009 654 5071 Gn.
674 5007 844 5071 Lentulum
867 5014 899 5073 et
914 5010 1081 5073 Caesarem
1104 5009 1240 5073 lustrum
1263 5028 1328 5075 non
1349 5008 1462 5073 fecisse
1484 5027 1593 5072 66666
1614 5013 1687 5091 post

327 5111 527 5177 luculentum
551 5112 590 5177 de
613 5111 797 5177 censoribus
820 5113 939 5177 saeculi
955 5125 1002 5173 vn
1026 5113 1286 5179 commentarium
1300 5111 1466 5198 Borghesii
1482 5110 1576 5177 hodie
1592 5110 1685 5192 vulgo
