<?xml version="1.0" encoding="UTF-8"?>
<!DOCTYPE html PUBLIC "-//W3C//DTD XHTML 1.0 Transitional//EN"
    "http://www.w3.org/TR/xhtml1/DTD/xhtml1-transitional.dtd">
<html xmlns="http://www.w3.org/1999/xhtml" xml:lang="en" lang="en">
 <head>
  <title>
</title>
<meta http-equiv="Content-Type" content="text/html;charset=utf-8" />
  <meta name='ocr-system' content='tesseract 3.04.00' />
  <meta name='ocr-capabilities' content='ocr_page ocr_carea ocr_par ocr_line ocrx_word'/>
</head>
<body>
  <div class='ocr_page' id='page_1' title='image "./resgestaediviau02augugoog_0136.png"; bbox 0 0 4400 6175; ppageno 0'>
   <div class='ocr_carea' id='block_1_1' title="bbox 576 707 1334 772">
    <p class='ocr_par' dir='ltr' id='par_1_1' title="bbox 576 707 1334 772">
     <span class='ocr_line' id='line_1_1' title="bbox 576 707 1334 772; baseline -0.013 -2"><span class='ocrx_word' id='word_1_1' title='bbox 576 707 618 770; x_wconf 89' lang='grc'><strong>80</strong></span> <span class='ocrx_word' id='word_1_2' title='bbox 1168 709 1201 772; x_wconf 88' lang='lat' dir='ltr'><strong>V,</strong></span> <span class='ocrx_word' id='word_1_3' title='bbox 1213 707 1334 762; x_wconf 78' lang='lat'>24—31</span> 
     </span>
    </p>
   </div>
   <div class='ocr_carea' id='block_1_2' title="bbox 575 879 2001 5017">
    <p class='ocr_par' dir='ltr' id='par_1_2' title="bbox 575 879 2001 5017">
     <span class='ocr_line' id='line_1_2' title="bbox 577 879 1915 966; baseline 0.001 -22"><span class='ocrx_word' id='word_1_4' title='bbox 577 881 643 944; x_wconf 88' lang='lat' dir='ltr'><strong>solo</strong></span> <span class='ocrx_word' id='word_1_5' title='bbox 672 882 809 964; x_wconf 80' lang='lat' dir='ltr'><strong>Augusti</strong></span> <span class='ocrx_word' id='word_1_6' title='bbox 839 881 1071 948; x_wconf 85' lang='lat' dir='ltr'><strong>commentario.</strong></span> <span class='ocrx_word' id='word_1_7' title='bbox 1126 881 1331 965; x_wconf 89' lang='lat' dir='ltr'><strong>Temptatnm</strong></span> <span class='ocrx_word' id='word_1_8' title='bbox 1359 879 1475 946; x_wconf 90' lang='lat' dir='ltr'><strong>deinde</strong></span> <span class='ocrx_word' id='word_1_9' title='bbox 1503 901 1573 945; x_wconf 92' lang='lat' dir='ltr'><strong>esse</strong></span> <span class='ocrx_word' id='word_1_10' title='bbox 1599 881 1769 966; x_wconf 89' lang='lat' dir='ltr'><strong>imperium</strong></span> <span class='ocrx_word' id='word_1_11' title='bbox 1796 882 1915 946; x_wconf 86' lang='lat' dir='ltr'><strong>laminae</strong></span> 
     </span>
     <span class='ocr_line' id='line_1_3' title="bbox 577 984 1918 1067; baseline 0 -19"><span class='ocrx_word' id='word_1_12' title='bbox 577 984 628 1048; x_wconf 92' lang='lat' dir='ltr'><strong>cui</strong></span> <span class='ocrx_word' id='word_1_13' title='bbox 657 1005 770 1050; x_wconf 90' lang='lat' dir='ltr'><strong>nomen</strong></span> <span class='ocrx_word' id='word_1_14' title='bbox 799 985 907 1062; x_wconf 83' lang='lat' dir='ltr'><strong>Erato,</strong></span> <span class='ocrx_word' id='word_1_15' title='bbox 945 984 1088 1048; x_wconf 91' lang='lat' dir='ltr'><strong>eiusdem</strong></span> <span class='ocrx_word' id='word_1_16' title='bbox 1116 984 1243 1048; x_wconf 91' lang='lat' dir='ltr'><strong>omnino</strong></span> <span class='ocrx_word' id='word_1_17' title='bbox 1273 1004 1354 1066; x_wconf 90' lang='lat' dir='ltr'><strong>quae</strong></span> <span class='ocrx_word' id='word_1_18' title='bbox 1384 989 1478 1048; x_wconf 88' lang='lat' dir='ltr'><strong>antea</strong></span> <span class='ocrx_word' id='word_1_19' title='bbox 1505 992 1651 1067; x_wconf 88' lang='lat' dir='ltr'><strong>regnarat</strong></span> <span class='ocrx_word' id='word_1_20' title='bbox 1678 1005 1750 1050; x_wconf 89' lang='lat' dir='ltr'><strong>oum</strong></span> <span class='ocrx_word' id='word_1_21' title='bbox 1778 985 1867 1048; x_wconf 81' lang='lat' dir='ltr'><strong>fratre</strong></span> <span class='ocrx_word' id='word_1_22' title='bbox 1891 994 1918 1048; x_wconf 88' lang='grc'><strong>01</strong></span> 
     </span>
     <span class='ocr_line' id='line_1_4' title="bbox 576 1084 1998 1172; baseline 0 -20"><span class='ocrx_word' id='word_1_23' title='bbox 576 1088 689 1152; x_wconf 87' lang='lat' dir='ltr'><strong>marito</strong></span> <span class='ocrx_word' id='word_1_24' title='bbox 712 1088 862 1170; x_wconf 89' lang='lat' dir='ltr'><strong>Tigrane,</strong></span> <span class='ocrx_word' id='word_1_25' title='bbox 891 1087 947 1152; x_wconf 91' lang='lat' dir='ltr'><strong>sed</strong></span> <span class='ocrx_word' id='word_1_26' title='bbox 975 1088 1056 1152; x_wconf 90' lang='lat' dir='ltr'><strong>hanc</strong></span> <span class='ocrx_word' id='word_1_27' title='bbox 1084 1107 1210 1170; x_wconf 92' lang='lat' dir='ltr'><strong>quoque</strong></span> <span class='ocrx_word' id='word_1_28' title='bbox 1239 1086 1327 1152; x_wconf 86' lang='lat' dir='ltr'><strong>brevi</strong></span> <span class='ocrx_word' id='word_1_29' title='bbox 1356 1086 1484 1172; x_wconf 88' lang='lat' dir='ltr'><strong>pulsam</strong></span> <span class='ocrx_word' id='word_1_30' title='bbox 1515 1109 1585 1152; x_wconf 89' lang='lat' dir='ltr'><strong>esse</strong></span> <span class='ocrx_word' id='word_1_31' title='bbox 1608 1088 1737 1152; x_wconf 76' lang='lat' dir='ltr'>Tacitus</span> <span class='ocrx_word' id='word_1_32' title='bbox 1760 1087 1853 1154; x_wconf 91' lang='lat' dir='ltr'><strong>addit.</strong></span> <span class='ocrx_word' id='word_1_33' title='bbox 1882 1127 1915 1138; x_wconf 98' lang='lat'><em>-</em></span> <span class='ocrx_word' id='word_1_34' title='bbox 1997 1084 1998 1159; x_wconf 57' lang='grc' dir='ltr'>ζ</span> 
     </span>
     <span class='ocr_line' id='line_1_5' title="bbox 576 1191 1917 1276; baseline 0.001 -22"><span class='ocrx_word' id='word_1_35' title='bbox 576 1193 696 1256; x_wconf 77' lang='lat' dir='ltr'><strong>Incerti</strong></span> <span class='ocrx_word' id='word_1_36' title='bbox 719 1191 832 1256; x_wconf 89' lang='lat' dir='ltr'><strong>deinde</strong></span> <span class='ocrx_word' id='word_1_37' title='bbox 855 1195 1013 1274; x_wconf 84' lang='lat' dir='ltr'><strong>solutique</strong></span> <span class='ocrx_word' id='word_1_38' title='bbox 1035 1192 1195 1268; x_wconf 79' lang='lat' dir='ltr'>Armenii,</span> <span class='ocrx_word' id='word_1_39' title='bbox 1224 1191 1354 1256; x_wconf 89' lang='lat' dir='ltr'><strong>Tacitus</strong></span> <span class='ocrx_word' id='word_1_40' title='bbox 1377 1191 1493 1276; x_wconf 90' lang='lat' dir='ltr'><strong>pergit,</strong></span> <span class='ocrx_word' id='word_1_41' title='bbox 1524 1203 1555 1256; x_wconf 87' lang='lat' dir='ltr'><strong>et</strong></span> <span class='ocrx_word' id='word_1_42' title='bbox 1582 1196 1685 1274; x_wconf 76' lang='grc'><strong>000310</strong></span> <span class='ocrx_word' id='word_1_43' title='bbox 1716 1195 1784 1256; x_wconf 77' lang='lat' dir='ltr'><strong>sim</strong></span> <span class='ocrx_word' id='word_1_44' title='bbox 1806 1195 1917 1257; x_wconf 82' lang='lat' dir='ltr'><strong>domino</strong></span> 
     </span>
     <span class='ocr_line' id='line_1_6' title="bbox 576 1295 1918 1378; baseline 0 -19"><span class='ocrx_word' id='word_1_45' title='bbox 576 1316 669 1377; x_wconf 82' lang='lat' dir='ltr'><strong>quom</strong></span> <span class='ocrx_word' id='word_1_46' title='bbox 697 1301 730 1360; x_wconf 78' lang='lat' dir='ltr'><strong>in</strong></span> <span class='ocrx_word' id='word_1_47' title='bbox 760 1298 905 1361; x_wconf 80' lang='lat' dir='ltr'><strong>libertate</strong></span> <span class='ocrx_word' id='word_1_48' title='bbox 936 1299 1108 1378; x_wconf 74' lang='lat' dir='ltr'><strong>profugam</strong></span> <span class='ocrx_word' id='word_1_49' title='bbox 1143 1298 1290 1361; x_wconf 78' lang='lat' dir='ltr'><strong><em>Vononen</em></strong></span> <span class='ocrx_word' id='word_1_50' title='bbox 1323 1299 1357 1358; x_wconf 78' lang='lat' dir='ltr'><strong>in</strong></span> <span class='ocrx_word' id='word_1_51' title='bbox 1391 1317 1520 1377; x_wconf 73' lang='lat' dir='ltr'><strong>reprom</strong></span> <span class='ocrx_word' id='word_1_52' title='bbox 1556 1300 1723 1378; x_wconf 77' lang='grc' dir='ltr'><strong>0001ρέ001.</strong></span> <span class='ocrx_word' id='word_1_53' title='bbox 1783 1295 1918 1360; x_wconf 80' lang='lat' dir='ltr'>Vononen</span> 
     </span>
     <span class='ocr_line' id='line_1_7' title="bbox 576 1398 1917 1484; baseline 0.001 -22"><span class='ocrx_word' id='word_1_54' title='bbox 576 1407 682 1464; x_wconf 90' lang='lat' dir='ltr'><strong>tamen</strong></span> <span class='ocrx_word' id='word_1_55' title='bbox 712 1399 869 1484; x_wconf 77' lang='lat' dir='ltr'><strong>recepisse</strong></span> <span class='ocrx_word' id='word_1_56' title='bbox 900 1399 1048 1464; x_wconf 91' lang='lat' dir='ltr'><strong>videntur</strong></span> <span class='ocrx_word' id='word_1_57' title='bbox 1081 1406 1154 1484; x_wconf 90' lang='lat' dir='ltr'><strong>post</strong></span> <span class='ocrx_word' id='word_1_58' title='bbox 1183 1406 1314 1464; x_wconf 93' lang='lat' dir='ltr'><strong>mortem</strong></span> <span class='ocrx_word' id='word_1_59' title='bbox 1346 1398 1474 1464; x_wconf 92' lang='lat' dir='ltr'><strong>demum</strong></span> <span class='ocrx_word' id='word_1_60' title='bbox 1504 1400 1656 1482; x_wconf 81' lang='lat' dir='ltr'>Augusti,</span> <span class='ocrx_word' id='word_1_61' title='bbox 1686 1411 1747 1484; x_wconf 85' lang='lat' dir='ltr'><strong>&#39;per</strong></span> <span class='ocrx_word' id='word_1_62' title='bbox 1777 1405 1917 1464; x_wconf 91' lang='lat' dir='ltr'><strong>extremos</strong></span> 
     </span>
     <span class='ocr_line' id='line_1_8' title="bbox 576 1503 1918 1588; baseline 0.001 -22"><span class='ocrx_word' id='word_1_63' title='bbox 576 1510 683 1568; x_wconf 90' lang='lat' dir='ltr'><strong>autem</strong></span> <span class='ocrx_word' id='word_1_64' title='bbox 706 1505 842 1588; x_wconf 82' lang='lat' dir='ltr'><strong>Augusti</strong></span> <span class='ocrx_word' id='word_1_65' title='bbox 865 1525 963 1570; x_wconf 90' lang='lat' dir='ltr'><strong>annos</strong></span> <span class='ocrx_word' id='word_1_66' title='bbox 988 1505 1140 1587; x_wconf 84' lang='lat' dir='ltr'><strong>Tigranes</strong></span> <span class='ocrx_word' id='word_1_67' title='bbox 1163 1503 1208 1580; x_wconf 90' lang='lat' dir='ltr'><strong>is,</strong></span> <span class='ocrx_word' id='word_1_68' title='bbox 1239 1524 1334 1586; x_wconf 92' lang='lat' dir='ltr'><strong>quem</strong></span> <span class='ocrx_word' id='word_1_69' title='bbox 1362 1510 1434 1587; x_wconf 93' lang='lat' dir='ltr'><strong>post</strong></span> <span class='ocrx_word' id='word_1_70' title='bbox 1456 1504 1645 1568; x_wconf 88' lang='lat' dir='ltr'><strong>Artavasdis</strong></span> <span class='ocrx_word' id='word_1_71' title='bbox 1674 1510 1806 1568; x_wconf 89' lang='lat' dir='ltr'><strong>mortem</strong></span> <span class='ocrx_word' id='word_1_72' title='bbox 1827 1523 1918 1586; x_wconf 88' lang='lat' dir='ltr'><strong>regem</strong></span> 
     </span>
     <span class='ocr_line' id='line_1_9' title="bbox 576 1606 1918 1691; baseline -0.002 -19"><span class='ocrx_word' id='word_1_73' title='bbox 576 1629 610 1672; x_wconf 92' lang='lat' dir='ltr'><strong>se</strong></span> <span class='ocrx_word' id='word_1_74' title='bbox 633 1609 792 1674; x_wconf 85' lang='lat' dir='ltr'><strong>Armeniis</strong></span> <span class='ocrx_word' id='word_1_75' title='bbox 815 1608 942 1674; x_wconf 88' lang='lat' dir='ltr'><strong>misisse</strong></span> <span class='ocrx_word' id='word_1_76' title='bbox 965 1610 1129 1691; x_wconf 89' lang='lat' dir='ltr'><strong>Augustus</strong></span> <span class='ocrx_word' id='word_1_77' title='bbox 1158 1607 1283 1684; x_wconf 91' lang='lat' dir='ltr'><strong>scribit,</strong></span> <span class='ocrx_word' id='word_1_78' title='bbox 1311 1606 1405 1670; x_wconf 92' lang='lat' dir='ltr'><strong>inane</strong></span> <span class='ocrx_word' id='word_1_79' title='bbox 1435 1608 1518 1689; x_wconf 89' lang='lat' dir='ltr'><strong>ragis</strong></span> <span class='ocrx_word' id='word_1_80' title='bbox 1540 1628 1655 1673; x_wconf 91' lang='lat' dir='ltr'><strong>nomen</strong></span> <span class='ocrx_word' id='word_1_81' title='bbox 1678 1608 1850 1674; x_wconf 82' lang='lat' dir='ltr'><strong>obtinuisse</strong></span> <span class='ocrx_word' id='word_1_82' title='bbox 1870 1609 1918 1670; x_wconf 87' lang='lat' dir='ltr'><strong>Ar-</strong></span> 
     </span>
     <span class='ocr_line' id='line_1_10' title="bbox 576 1710 1917 1797; baseline -0.001 -21"><span class='ocrx_word' id='word_1_83' title='bbox 576 1713 681 1776; x_wconf 90' lang='lat' dir='ltr'><strong>menia</strong></span> <span class='ocrx_word' id='word_1_84' title='bbox 708 1733 743 1777; x_wconf 94' lang='lat' dir='ltr'><strong>eo</strong></span> <span class='ocrx_word' id='word_1_85' title='bbox 770 1719 910 1797; x_wconf 88' lang='lat' dir='ltr'><strong>tempore</strong></span> <span class='ocrx_word' id='word_1_86' title='bbox 937 1733 1011 1776; x_wconf 83' lang='lat' dir='ltr'><strong>vere</strong></span> <span class='ocrx_word' id='word_1_87' title='bbox 1040 1712 1110 1776; x_wconf 93' lang='lat' dir='ltr'><strong>sine</strong></span> <span class='ocrx_word' id='word_1_88' title='bbox 1137 1710 1264 1776; x_wconf 87' lang='lat' dir='ltr'><strong>‘domiuo</strong></span> <span class='ocrx_word' id='word_1_89' title='bbox 1296 1717 1417 1793; x_wconf 89' lang='lat' dir='ltr'><strong>agente.</strong></span> <span class='ocrx_word' id='word_1_90' title='bbox 1476 1710 1566 1788; x_wconf 85' lang='lat' dir='ltr'><strong>Quod</strong></span> <span class='ocrx_word' id='word_1_91' title='bbox 1595 1713 1760 1776; x_wconf 79' lang='lat' dir='ltr'><strong>confirmat</strong></span> <span class='ocrx_word' id='word_1_92' title='bbox 1792 1710 1917 1794; x_wconf 89' lang='lat' dir='ltr'><strong>aequalis</strong></span> 
     </span>
     <span class='ocr_line' id='line_1_11' title="bbox 577 1815 1999 1902; baseline -0.001 -22"><span class='ocrx_word' id='word_1_93' title='bbox 577 1815 690 1880; x_wconf 86' lang='lat' dir='ltr'><strong>Strabo</strong></span> <span class='ocrx_word' id='word_1_94' title='bbox 713 1819 743 1893; x_wconf 89' lang='lat'><strong>6,</strong></span> <span class='ocrx_word' id='word_1_95' title='bbox 760 1819 828 1894; x_wconf 81' lang='grc'><strong>4,2</strong></span> <span class='ocrx_word' id='word_1_96' title='bbox 852 1838 882 1902; x_wconf 90' lang='lat' dir='ltr'><strong>p.</strong></span> <span class='ocrx_word' id='word_1_97' title='bbox 900 1817 980 1893; x_wconf 80' lang='lat'><strong>288,</strong></span> <span class='ocrx_word' id='word_1_98' title='bbox 1013 1815 1205 1881; x_wconf 76' lang='lat' dir='ltr'><strong>enumeratis</strong></span> <span class='ocrx_word' id='word_1_99' title='bbox 1228 1815 1371 1900; x_wconf 89' lang='lat' dir='ltr'><strong>populis,</strong></span> <span class='ocrx_word' id='word_1_100' title='bbox 1395 1815 1451 1897; x_wconf 93' lang='lat' dir='ltr'><strong>qui</strong></span> <span class='ocrx_word' id='word_1_101' title='bbox 1474 1816 1667 1880; x_wconf 78' lang='lat' dir='ltr'><strong>allemanie</strong></span> <span class='ocrx_word' id='word_1_102' title='bbox 1689 1815 1918 1881; x_wconf 89' lang='lat' dir='ltr'><strong>dominosacci·</strong></span> <span class='ocrx_word' id='word_1_103' title='bbox 1998 1820 1999 1823; x_wconf 74' lang='grc'>’</span> 
     </span>
     <span class='ocr_line' id='line_1_12' title="bbox 575 1917 1917 2005; baseline -0.003 -21"><span class='ocrx_word' id='word_1_104' title='bbox 575 1926 700 2004; x_wconf 87' lang='lat' dir='ltr'><strong>perant,</strong></span> <span class='ocrx_word' id='word_1_105' title='bbox 730 1921 777 1985; x_wconf 82' lang='lat' dir='ltr'><strong>ita</strong></span> <span class='ocrx_word' id='word_1_106' title='bbox 804 1941 954 2005; x_wconf 86' lang='lat' dir='ltr'><strong>pergens:</strong></span> <span class='ocrx_word' id='word_1_107' title='bbox 994 1917 1142 2005; x_wconf 83' lang='grc' dir='ltr'>Ἀρμένιοι</span> <span class='ocrx_word' id='word_1_108' title='bbox 1164 1920 1198 1982; x_wconf 83' lang='grc' dir='ltr'><strong>δὲ</strong></span> <span class='ocrx_word' id='word_1_109' title='bbox 1224 1955 1264 1965; x_wconf 93' lang='lat'>-</span> <span class='ocrx_word' id='word_1_110' title='bbox 1287 1919 1452 2004; x_wconf 83' lang='grc' dir='ltr'>παρουσίας</span> <span class='ocrx_word' id='word_1_111' title='bbox 1475 1919 1592 1982; x_wconf 82' lang='grc' dir='ltr'><strong>δέονται</strong></span> <span class='ocrx_word' id='word_1_112' title='bbox 1620 1919 1709 2005; x_wconf 79' lang='grc' dir='ltr'><strong>μόνον</strong></span> <span class='ocrx_word' id='word_1_113' title='bbox 1738 1925 1797 1983; x_wconf 84' lang='grc' dir='ltr'><strong>τῶν</strong></span> <span class='ocrx_word' id='word_1_114' title='bbox 1823 1921 1917 2002; x_wconf 76' lang='grc' dir='ltr'><strong>ἡγησο-</strong></span> 
     </span>
     <span class='ocr_line' id='line_1_13' title="bbox 576 2021 1917 2112; baseline -0.004 -22"><span class='ocrx_word' id='word_1_115' title='bbox 576 2027 684 2112; x_wconf 83' lang='grc' dir='ltr'><strong>μένων,</strong></span> <span class='ocrx_word' id='word_1_116' title='bbox 707 2029 809 2094; x_wconf 81' lang='grc' dir='ltr'><strong>καλῶς</strong></span> <span class='ocrx_word' id='word_1_117' title='bbox 833 2025 866 2088; x_wconf 82' lang='grc' dir='ltr'><strong>δὲ</strong></span> <span class='ocrx_word' id='word_1_118' title='bbox 890 2028 1082 2109; x_wconf 82' lang='grc' dir='ltr'><strong>κρατοῦνται·</strong></span> <span class='ocrx_word' id='word_1_119' title='bbox 1105 2023 1313 2107; x_wconf 78' lang='grc' dir='ltr'><strong>νεωτερίζουσι</strong></span> <span class='ocrx_word' id='word_1_120' title='bbox 1336 2023 1371 2085; x_wconf 81' lang='grc' dir='ltr'><strong>δὲ</strong></span> <span class='ocrx_word' id='word_1_121' title='bbox 1395 2023 1443 2086; x_wconf 84' lang='grc' dir='ltr'><strong>διὰ</strong></span> <span class='ocrx_word' id='word_1_122' title='bbox 1464 2023 1518 2092; x_wconf 82' lang='grc' dir='ltr'><strong>τὰς</strong></span> <span class='ocrx_word' id='word_1_123' title='bbox 1538 2028 1597 2087; x_wconf 84' lang='grc' dir='ltr'><strong>τῶν</strong></span> <span class='ocrx_word' id='word_1_124' title='bbox 1614 2021 1780 2108; x_wconf 77' lang='grc' dir='ltr'><strong>Ῥωμαίων</strong></span> <span class='ocrx_word' id='word_1_125' title='bbox 1802 2025 1917 2108; x_wconf 74' lang='grc' dir='ltr'>(ἔπασχο-</span> 
     </span>
     <span class='ocr_line' id='line_1_14' title="bbox 575 2124 1919 2212; baseline -0.003 -20"><span class='ocrx_word' id='word_1_126' title='bbox 575 2131 650 2200; x_wconf 82' lang='grc' dir='ltr'><strong>λίας.</strong></span> <span class='ocrx_word' id='word_1_127' title='bbox 689 2129 841 2210; x_wconf 81' lang='lat' dir='ltr'><strong>Tigranes</strong></span> <span class='ocrx_word' id='word_1_128' title='bbox 864 2127 929 2191; x_wconf 88' lang='grc'><strong>1110</strong></span> <span class='ocrx_word' id='word_1_129' title='bbox 944 2126 1012 2190; x_wconf 91' lang='grc'><strong>0110</strong></span> <span class='ocrx_word' id='word_1_130' title='bbox 1036 2125 1184 2190; x_wconf 85' lang='grc'><strong>1111010</strong></span> <span class='ocrx_word' id='word_1_131' title='bbox 1207 2131 1265 2202; x_wconf 89' lang='grc'><strong>001,</strong></span> <span class='ocrx_word' id='word_1_132' title='bbox 1290 2124 1329 2189; x_wconf 90' lang='grc'><strong>10</strong></span> <span class='ocrx_word' id='word_1_133' title='bbox 1353 2125 1443 2190; x_wconf 90' lang='lat' dir='ltr'><strong>cuius</strong></span> <span class='ocrx_word' id='word_1_134' title='bbox 1467 2125 1562 2190; x_wconf 90' lang='lat' dir='ltr'><strong>caede</strong></span> <span class='ocrx_word' id='word_1_135' title='bbox 1581 2147 1611 2193; x_wconf 90' lang='grc'><strong>1.</strong></span> <span class='ocrx_word' id='word_1_136' title='bbox 1622 2148 1652 2212; x_wconf 90' lang='lat' dir='ltr'><strong>p.</strong></span> <span class='ocrx_word' id='word_1_137' title='bbox 1668 2128 1741 2192; x_wconf 85' lang='lat' dir='ltr'><strong>Chr.</strong></span> <span class='ocrx_word' id='word_1_138' title='bbox 1756 2127 1797 2192; x_wconf 84' lang='grc'><strong>36</strong></span> <span class='ocrx_word' id='word_1_139' title='bbox 1813 2132 1919 2212; x_wconf 84' lang='lat' dir='ltr'><strong>patrata</strong></span> 
     </span>
     <span class='ocr_line' id='line_1_15' title="bbox 577 2229 1917 2318; baseline -0.004 -21"><span class='ocrx_word' id='word_1_140' title='bbox 577 2237 791 2318; x_wconf 90' lang='lat' dir='ltr'><strong>exposuerunt</strong></span> <span class='ocrx_word' id='word_1_141' title='bbox 813 2230 941 2294; x_wconf 80' lang='lat' dir='ltr'><strong>Tacitus</strong></span> <span class='ocrx_word' id='word_1_142' title='bbox 966 2230 1053 2312; x_wconf 92' lang='lat' dir='ltr'><strong>(ann.</strong></span> <span class='ocrx_word' id='word_1_143' title='bbox 1079 2231 1109 2306; x_wconf 89' lang='lat'><strong>6,</strong></span> <span class='ocrx_word' id='word_1_144' title='bbox 1127 2231 1180 2294; x_wconf 87' lang='grc'><strong>40.</strong></span> <span class='ocrx_word' id='word_1_145' title='bbox 1208 2231 1257 2305; x_wconf 87' lang='grc'><strong>14,</strong></span> <span class='ocrx_word' id='word_1_146' title='bbox 1275 2229 1333 2312; x_wconf 79' lang='lat'><strong>26)</strong></span> <span class='ocrx_word' id='word_1_147' title='bbox 1365 2235 1395 2293; x_wconf 89' lang='lat' dir='ltr'><strong>et</strong></span> <span class='ocrx_word' id='word_1_148' title='bbox 1418 2229 1571 2314; x_wconf 92' lang='lat' dir='ltr'><strong>Iosephus</strong></span> <span class='ocrx_word' id='word_1_149' title='bbox 1595 2231 1682 2314; x_wconf 89' lang='lat' dir='ltr'><strong>(ant.</strong></span> <span class='ocrx_word' id='word_1_150' title='bbox 1703 2231 1754 2308; x_wconf 89' lang='grc'><strong>18,</strong></span> <span class='ocrx_word' id='word_1_151' title='bbox 1774 2232 1838 2308; x_wconf 83' lang='grc'><strong>5,4</strong></span> <span class='ocrx_word' id='word_1_152' title='bbox 1859 2229 1917 2293; x_wconf 89' lang='grc'><strong>0011.</strong></span> 
     </span>
     <span class='ocr_line' id='line_1_16' title="bbox 578 2331 1918 2416; baseline -0.004 -16"><span class='ocrx_word' id='word_1_153' title='bbox 578 2338 676 2412; x_wconf 82' lang='grc'><strong>17,1,</strong></span> <span class='ocrx_word' id='word_1_154' title='bbox 696 2338 725 2398; x_wconf 90' lang='grc'><strong>1.</strong></span> <span class='ocrx_word' id='word_1_155' title='bbox 750 2335 769 2398; x_wconf 77' lang='lat'>2</span> <span class='ocrx_word' id='word_1_156' title='bbox 793 2340 824 2398; x_wconf 89' lang='lat' dir='ltr'><strong>et</strong></span> <span class='ocrx_word' id='word_1_157' title='bbox 847 2333 921 2397; x_wconf 91' lang='lat' dir='ltr'><strong>hell.</strong></span> <span class='ocrx_word' id='word_1_158' title='bbox 945 2332 1013 2396; x_wconf 93' lang='lat' dir='ltr'><strong>lud.</strong></span> <span class='ocrx_word' id='word_1_159' title='bbox 1042 2335 1069 2410; x_wconf 91' lang='lat'><strong>1,</strong></span> <span class='ocrx_word' id='word_1_160' title='bbox 1087 2334 1140 2409; x_wconf 80' lang='lat'><strong>28,</strong></span> <span class='ocrx_word' id='word_1_161' title='bbox 1160 2333 1212 2416; x_wconf 90' lang='lat'><strong>1).</strong></span> <span class='ocrx_word' id='word_1_162' title='bbox 1266 2331 1396 2396; x_wconf 89' lang='lat' dir='ltr'><strong>Scilicet</strong></span> <span class='ocrx_word' id='word_1_163' title='bbox 1417 2332 1613 2410; x_wconf 79' lang='lat' dir='ltr'><strong>Alexander,</strong></span> <span class='ocrx_word' id='word_1_164' title='bbox 1640 2335 1725 2416; x_wconf 88' lang='lat' dir='ltr'><strong>ragis</strong></span> <span class='ocrx_word' id='word_1_165' title='bbox 1748 2334 1918 2398; x_wconf 89' lang='lat' dir='ltr'><strong>Iudaeorum</strong></span> 
     </span>
     <span class='ocr_line' id='line_1_17' title="bbox 577 2435 1919 2521; baseline -0.004 -17"><span class='ocrx_word' id='word_1_166' title='bbox 577 2438 712 2504; x_wconf 88' lang='lat' dir='ltr'><strong>Herodis</strong></span> <span class='ocrx_word' id='word_1_167' title='bbox 735 2438 842 2520; x_wconf 87' lang='lat' dir='ltr'><strong>Magni</strong></span> <span class='ocrx_word' id='word_1_168' title='bbox 865 2443 896 2501; x_wconf 93' lang='lat' dir='ltr'><strong>et</strong></span> <span class='ocrx_word' id='word_1_169' title='bbox 918 2437 1112 2502; x_wconf 89' lang='lat' dir='ltr'><strong>Mariamnae</strong></span> <span class='ocrx_word' id='word_1_170' title='bbox 1135 2436 1229 2513; x_wconf 87' lang='lat' dir='ltr'><strong>filius,</strong></span> <span class='ocrx_word' id='word_1_171' title='bbox 1253 2457 1293 2500; x_wconf 89' lang='lat' dir='ltr'><strong>ex</strong></span> <span class='ocrx_word' id='word_1_172' title='bbox 1316 2435 1477 2521; x_wconf 83' lang='lat' dir='ltr'><strong>Glaphyro</strong></span> <span class='ocrx_word' id='word_1_173' title='bbox 1498 2437 1566 2502; x_wconf 88' lang='lat' dir='ltr'><strong>filia</strong></span> <span class='ocrx_word' id='word_1_174' title='bbox 1588 2438 1738 2502; x_wconf 78' lang='lat' dir='ltr'><strong>Archelai</strong></span> <span class='ocrx_word' id='word_1_175' title='bbox 1760 2438 1840 2520; x_wconf 91' lang='grc'><strong>10310</strong></span> <span class='ocrx_word' id='word_1_176' title='bbox 1854 2437 1919 2519; x_wconf 89' lang='lat' dir='ltr'><strong>Cap·</strong></span> 
     </span>
     <span class='ocr_line' id='line_1_18' title="bbox 576 2538 2000 2628; baseline -0.004 -21"><span class='ocrx_word' id='word_1_177' title='bbox 576 2543 727 2628; x_wconf 89' lang='lat' dir='ltr'><strong>padociae</strong></span> <span class='ocrx_word' id='word_1_178' title='bbox 755 2542 862 2606; x_wconf 92' lang='lat' dir='ltr'><strong>ultimi</strong></span> <span class='ocrx_word' id='word_1_179' title='bbox 890 2540 972 2606; x_wconf 88' lang='lat' dir='ltr'><strong>filios</strong></span> <span class='ocrx_word' id='word_1_180' title='bbox 1003 2542 1081 2606; x_wconf 91' lang='lat' dir='ltr'><strong>duos</strong></span> <span class='ocrx_word' id='word_1_181' title='bbox 1111 2541 1252 2625; x_wconf 89' lang='lat' dir='ltr'><strong>suscepit</strong></span> <span class='ocrx_word' id='word_1_182' title='bbox 1280 2538 1498 2604; x_wconf 83' lang='lat' dir='ltr'><strong>Alexandrum</strong></span> <span class='ocrx_word' id='word_1_183' title='bbox 1534 2548 1566 2606; x_wconf 93' lang='lat' dir='ltr'><strong>et</strong></span> <span class='ocrx_word' id='word_1_184' title='bbox 1593 2542 1769 2624; x_wconf 89' lang='lat' dir='ltr'><strong>Tigranen,</strong></span> <span class='ocrx_word' id='word_1_185' title='bbox 1803 2560 1919 2624; x_wconf 85' lang='lat' dir='ltr'><strong>quemn</strong></span> <span class='ocrx_word' id='word_1_186' title='bbox 1999 2598 2000 2603; x_wconf 74' lang='grc'><strong>,</strong></span> 
     </span>
     <span class='ocr_line' id='line_1_19' title="bbox 579 2634 2000 2730; baseline -0.006 -17"><span class='ocrx_word' id='word_1_187' title='bbox 579 2649 659 2714; x_wconf 85' lang='grc'><strong>11101</strong></span> <span class='ocrx_word' id='word_1_188' title='bbox 681 2647 835 2730; x_wconf 89' lang='lat' dir='ltr'><strong>Tigranes</strong></span> <span class='ocrx_word' id='word_1_189' title='bbox 858 2650 1027 2712; x_wconf 77' lang='lat' dir='ltr'><strong>Armeniae</strong></span> <span class='ocrx_word' id='word_1_190' title='bbox 1050 2648 1207 2728; x_wconf 84' lang='lat' dir='ltr'><strong>quondum</strong></span> <span class='ocrx_word' id='word_1_191' title='bbox 1232 2646 1356 2725; x_wconf 78' lang='lat' dir='ltr'><strong>potitos</strong></span> <span class='ocrx_word' id='word_1_192' title='bbox 1387 2644 1452 2727; x_wconf 91' lang='lat' dir='ltr'><strong>(ita</strong></span> <span class='ocrx_word' id='word_1_193' title='bbox 1473 2644 1603 2710; x_wconf 89' lang='lat' dir='ltr'><strong>Tacitus</strong></span> <span class='ocrx_word' id='word_1_194' title='bbox 1633 2646 1811 2711; x_wconf 85' lang='lat' dir='ltr'><strong>accuratius</strong></span> <span class='ocrx_word' id='word_1_195' title='bbox 1838 2663 1919 2726; x_wconf 90' lang='lat' dir='ltr'><strong>quan</strong></span> <span class='ocrx_word' id='word_1_196' title='bbox 1999 2634 2000 2647; x_wconf 54' lang='lat'>³</span> 
     </span>
     <span class='ocr_line' id='line_1_20' title="bbox 578 2747 1919 2838; baseline -0.006 -21"><span class='ocrx_word' id='word_1_197' title='bbox 578 2753 732 2837; x_wconf 88' lang='lat' dir='ltr'><strong>Iosephus</strong></span> <span class='ocrx_word' id='word_1_198' title='bbox 763 2750 930 2838; x_wconf 81' lang='grc' dir='ltr'><strong>βασιλεύων</strong></span> <span class='ocrx_word' id='word_1_199' title='bbox 959 2748 1134 2836; x_wconf 77' lang='grc' dir='ltr'><strong>Ἀρμενίας)</strong></span> <span class='ocrx_word' id='word_1_200' title='bbox 1164 2769 1244 2832; x_wconf 84' lang='lat' dir='ltr'><strong>ap.</strong></span> <span class='ocrx_word' id='word_1_201' title='bbox 1267 2748 1300 2811; x_wconf 88' lang='lat' dir='ltr'><strong>C.</strong></span> <span class='ocrx_word' id='word_1_202' title='bbox 1324 2749 1365 2812; x_wconf 86' lang='grc'><strong>36</strong></span> <span class='ocrx_word' id='word_1_203' title='bbox 1395 2748 1517 2812; x_wconf 90' lang='lat' dir='ltr'><strong>Tiberii</strong></span> <span class='ocrx_word' id='word_1_204' title='bbox 1546 2748 1635 2812; x_wconf 91' lang='lat' dir='ltr'><strong>iussu</strong></span> <span class='ocrx_word' id='word_1_205' title='bbox 1667 2749 1706 2813; x_wconf 94' lang='lat' dir='ltr'><strong>ad</strong></span> <span class='ocrx_word' id='word_1_206' title='bbox 1744 2747 1919 2835; x_wconf 89' lang='lat' dir='ltr'><strong>supplicium</strong></span> 
     </span>
     <span class='ocr_line' id='line_1_21' title="bbox 578 2850 1918 2938; baseline -0.008 -16"><span class='ocrx_word' id='word_1_207' title='bbox 578 2858 692 2922; x_wconf 89' lang='lat' dir='ltr'><strong>ductus</strong></span> <span class='ocrx_word' id='word_1_208' title='bbox 716 2862 843 2920; x_wconf 89' lang='lat' dir='ltr'><strong>estnec</strong></span> <span class='ocrx_word' id='word_1_209' title='bbox 866 2855 984 2919; x_wconf 90' lang='lat' dir='ltr'><strong>liberos</strong></span> <span class='ocrx_word' id='word_1_210' title='bbox 1007 2854 1147 2938; x_wconf 91' lang='lat' dir='ltr'><strong>reliquit,</strong></span> <span class='ocrx_word' id='word_1_211' title='bbox 1172 2853 1302 2917; x_wconf 92' lang='lat' dir='ltr'><strong>alterius</strong></span> <span class='ocrx_word' id='word_1_212' title='bbox 1326 2859 1432 2916; x_wconf 90' lang='lat' dir='ltr'><strong>autem</strong></span> <span class='ocrx_word' id='word_1_213' title='bbox 1453 2853 1512 2917; x_wconf 91' lang='lat' dir='ltr'><strong>filii</strong></span> <span class='ocrx_word' id='word_1_214' title='bbox 1531 2853 1702 2917; x_wconf 85' lang='lat' dir='ltr'><strong>Alexandri</strong></span> <span class='ocrx_word' id='word_1_215' title='bbox 1726 2853 1813 2917; x_wconf 88' lang='lat' dir='ltr'><strong>filius</strong></span> <span class='ocrx_word' id='word_1_216' title='bbox 1828 2850 1918 2932; x_wconf 88' lang='lat' dir='ltr'><strong>Tigra·</strong></span> 
     </span>
     <span class='ocr_line' id='line_1_22' title="bbox 577 2952 1919 3046; baseline -0.01 -20"><span class='ocrx_word' id='word_1_217' title='bbox 577 2984 633 3027; x_wconf 91' lang='lat' dir='ltr'><strong>nes</strong></span> <span class='ocrx_word' id='word_1_218' title='bbox 657 2968 766 3046; x_wconf 86' lang='lat' dir='ltr'><strong>postea</strong></span> <span class='ocrx_word' id='word_1_219' title='bbox 789 2959 949 3024; x_wconf 90' lang='lat' dir='ltr'><strong>aNercne</strong></span> <span class='ocrx_word' id='word_1_220' title='bbox 966 2981 993 3026; x_wconf 92' lang='lat' dir='ltr'><strong>a.</strong></span> <span class='ocrx_word' id='word_1_221' title='bbox 1010 2981 1041 3044; x_wconf 92' lang='lat' dir='ltr'><strong>p.</strong></span> <span class='ocrx_word' id='word_1_222' title='bbox 1058 2959 1091 3023; x_wconf 94' lang='lat' dir='ltr'><strong>C.</strong></span> <span class='ocrx_word' id='word_1_223' title='bbox 1111 2960 1153 3022; x_wconf 89' lang='grc'><strong>60</strong></span> <span class='ocrx_word' id='word_1_224' title='bbox 1177 2979 1232 3020; x_wconf 93' lang='lat' dir='ltr'><strong>rex</strong></span> <span class='ocrx_word' id='word_1_225' title='bbox 1248 2956 1417 3020; x_wconf 89' lang='lat' dir='ltr'><strong>Armeniae</strong></span> <span class='ocrx_word' id='word_1_226' title='bbox 1438 2958 1540 3021; x_wconf 87' lang='lat' dir='ltr'><strong>factus</strong></span> <span class='ocrx_word' id='word_1_227' title='bbox 1563 2964 1620 3021; x_wconf 92' lang='lat' dir='ltr'><strong>est.</strong></span> <span class='ocrx_word' id='word_1_228' title='bbox 1657 2957 1749 3021; x_wconf 90' lang='lat' dir='ltr'><strong>Hanc</strong></span> <span class='ocrx_word' id='word_1_229' title='bbox 1765 2952 1919 3020; x_wconf 90' lang='lat' dir='ltr'><strong>Alexandri</strong></span> 
     </span>
     <span class='ocr_line' id='line_1_23' title="bbox 576 3055 2001 3152; baseline -0.009 -21"><span class='ocrx_word' id='word_1_230' title='bbox 576 3067 707 3152; x_wconf 87' lang='lat' dir='ltr'><strong>stirpem</strong></span> <span class='ocrx_word' id='word_1_231' title='bbox 730 3063 929 3129; x_wconf 88' lang='lat' dir='ltr'><strong>coniunctam</strong></span> <span class='ocrx_word' id='word_1_232' title='bbox 952 3063 1051 3127; x_wconf 85' lang='lat' dir='ltr'><strong>fuisse</strong></span> <span class='ocrx_word' id='word_1_233' title='bbox 1075 3083 1148 3127; x_wconf 92' lang='lat' dir='ltr'><strong>cum</strong></span> <span class='ocrx_word' id='word_1_234' title='bbox 1163 3059 1316 3127; x_wconf 88' lang='lat' dir='ltr'><strong>Armenia</strong></span> <span class='ocrx_word' id='word_1_235' title='bbox 1338 3060 1424 3143; x_wconf 90' lang='lat' dir='ltr'><strong>regia</strong></span> <span class='ocrx_word' id='word_1_236' title='bbox 1446 3082 1519 3126; x_wconf 90' lang='lat' dir='ltr'><strong>cum</strong></span> <span class='ocrx_word' id='word_1_237' title='bbox 1535 3061 1681 3145; x_wconf 91' lang='lat' dir='ltr'><strong>Tigranis</strong></span> <span class='ocrx_word' id='word_1_238' title='bbox 1703 3081 1819 3126; x_wconf 92' lang='lat' dir='ltr'><strong>nomen</strong></span> <span class='ocrx_word' id='word_1_239' title='bbox 1832 3055 1921 3145; x_wconf 89' lang='lat' dir='ltr'><strong>prodit</strong></span> <span class='ocrx_word' id='word_1_240' title='bbox 2000 3145 2001 3150; x_wconf 5' lang='grc' dir='ltr'>ἵ</span> 
     </span>
     <span class='ocr_line' id='line_1_24' title="bbox 575 3163 2001 3252; baseline -0.007 -17"><span class='ocrx_word' id='word_1_241' title='bbox 575 3178 642 3235; x_wconf 90' lang='lat' dir='ltr'><strong>tem</strong></span> <span class='ocrx_word' id='word_1_242' title='bbox 663 3169 728 3233; x_wconf 87' lang='lat' dir='ltr'><strong>filio</strong></span> <span class='ocrx_word' id='word_1_243' title='bbox 753 3188 847 3251; x_wconf 89' lang='lat' dir='ltr'><strong>quam</strong></span> <span class='ocrx_word' id='word_1_244' title='bbox 872 3168 979 3252; x_wconf 90' lang='lat' dir='ltr'><strong>nepoti</strong></span> <span class='ocrx_word' id='word_1_245' title='bbox 1002 3166 1177 3232; x_wconf 86' lang='lat' dir='ltr'><strong>Alexandri</strong></span> <span class='ocrx_word' id='word_1_246' title='bbox 1198 3166 1393 3251; x_wconf 90' lang='lat' dir='ltr'><strong>impositum,</strong></span> <span class='ocrx_word' id='word_1_247' title='bbox 1424 3173 1494 3231; x_wconf 92' lang='lat' dir='ltr'><strong>tum</strong></span> <span class='ocrx_word' id='word_1_248' title='bbox 1523 3166 1607 3249; x_wconf 95' lang='lat' dir='ltr'><strong>quod</strong></span> <span class='ocrx_word' id='word_1_249' title='bbox 1630 3166 1811 3231; x_wconf 90' lang='lat' dir='ltr'><strong>Neroniana</strong></span> <span class='ocrx_word' id='word_1_250' title='bbox 1834 3167 1920 3227; x_wconf 89' lang='lat' dir='ltr'><strong>aetate</strong></span> <span class='ocrx_word' id='word_1_251' title='bbox 2000 3163 2001 3182; x_wconf 66' lang='lat'>¹</span> 
     </span>
     <span class='ocr_line' id='line_1_25' title="bbox 577 3268 1921 3355; baseline -0.007 -18"><span class='ocrx_word' id='word_1_252' title='bbox 577 3296 616 3337; x_wconf 86' lang='lat' dir='ltr'><strong>ex</strong></span> <span class='ocrx_word' id='word_1_253' title='bbox 642 3272 702 3335; x_wconf 90' lang='lat' dir='ltr'><strong>hac</strong></span> <span class='ocrx_word' id='word_1_254' title='bbox 730 3272 828 3355; x_wconf 90' lang='lat' dir='ltr'><strong>stirpe</strong></span> <span class='ocrx_word' id='word_1_255' title='bbox 856 3277 958 3334; x_wconf 91' lang='lat' dir='ltr'><strong>ortum</strong></span> <span class='ocrx_word' id='word_1_256' title='bbox 988 3271 1164 3354; x_wconf 89' lang='lat' dir='ltr'><strong>principem</strong></span> <span class='ocrx_word' id='word_1_257' title='bbox 1193 3269 1328 3332; x_wconf 85' lang='lat' dir='ltr'><strong>Romani</strong></span> <span class='ocrx_word' id='word_1_258' title='bbox 1352 3270 1515 3335; x_wconf 90' lang='lat' dir='ltr'><strong>Arsacidis</strong></span> <span class='ocrx_word' id='word_1_259' title='bbox 1544 3277 1772 3355; x_wconf 82' lang='lat' dir='ltr'><strong>opposuerunt3</strong></span> <span class='ocrx_word' id='word_1_260' title='bbox 1802 3268 1921 3349; x_wconf 90' lang='lat' dir='ltr'><strong>denique</strong></span> 
     </span>
     <span class='ocr_line' id='line_1_26' title="bbox 577 3372 1920 3460; baseline -0.004 -19"><span class='ocrx_word' id='word_1_261' title='bbox 577 3375 730 3460; x_wconf 87' lang='lat' dir='ltr'><strong>Iosephus</strong></span> <span class='ocrx_word' id='word_1_262' title='bbox 755 3374 785 3437; x_wconf 90' lang='lat' dir='ltr'><strong>b.</strong></span> <span class='ocrx_word' id='word_1_263' title='bbox 801 3372 871 3437; x_wconf 92' lang='lat' dir='ltr'><strong>Iud.</strong></span> <span class='ocrx_word' id='word_1_264' title='bbox 896 3375 1048 3450; x_wconf 76' lang='lat'><strong>2,11,6:</strong></span> <span class='ocrx_word' id='word_1_265' title='bbox 1079 3376 1098 3457; x_wconf 77' lang='grc' dir='ltr'>ἡ</span> <span class='ocrx_word' id='word_1_266' title='bbox 1120 3372 1313 3458; x_wconf 78' lang='grc' dir='ltr'><strong>Ἀλεξάνδρου</strong></span> <span class='ocrx_word' id='word_1_267' title='bbox 1338 3375 1438 3457; x_wconf 75' lang='grc' dir='ltr'><strong>γενεὰ,</strong></span> <span class='ocrx_word' id='word_1_268' title='bbox 1461 3375 1576 3458; x_wconf 92' lang='lat' dir='ltr'><strong>inquit,</strong></span> <span class='ocrx_word' id='word_1_269' title='bbox 1600 3380 1653 3459; x_wconf 78' lang='grc' dir='ltr'><strong>τῆς</strong></span> <span class='ocrx_word' id='word_1_270' title='bbox 1676 3377 1813 3460; x_wconf 61' lang='lat' dir='ltr'><strong>paredum</strong></span> <span class='ocrx_word' id='word_1_271' title='bbox 1833 3372 1920 3457; x_wconf 85' lang='grc' dir='ltr'><strong>Ἀρρε-</strong></span> 
     </span>
     <span class='ocr_line' id='line_1_27' title="bbox 576 3474 2001 3565; baseline -0.005 -23"><span class='ocrx_word' id='word_1_272' title='bbox 576 3480 640 3548; x_wconf 79' lang='grc' dir='ltr'><strong>νίας</strong></span> <span class='ocrx_word' id='word_1_273' title='bbox 661 3478 851 3565; x_wconf 70' lang='grc' dir='ltr'><strong>ἐβασιλευσε.</strong></span> <span class='ocrx_word' id='word_1_274' title='bbox 890 3476 970 3540; x_wconf 89' lang='lat' dir='ltr'><strong>Puto</strong></span> <span class='ocrx_word' id='word_1_275' title='bbox 994 3483 1099 3541; x_wconf 89' lang='lat' dir='ltr'><strong>autem</strong></span> <span class='ocrx_word' id='word_1_276' title='bbox 1115 3475 1265 3541; x_wconf 90' lang='lat' dir='ltr'><strong>Archelai</strong></span> <span class='ocrx_word' id='word_1_277' title='bbox 1286 3476 1369 3559; x_wconf 90' lang='lat' dir='ltr'><strong>regis</strong></span> <span class='ocrx_word' id='word_1_278' title='bbox 1387 3477 1603 3562; x_wconf 85' lang='lat' dir='ltr'><strong>Cappadociae</strong></span> <span class='ocrx_word' id='word_1_279' title='bbox 1627 3497 1769 3555; x_wconf 93' lang='lat' dir='ltr'><strong>uxorem,</strong></span> <span class='ocrx_word' id='word_1_280' title='bbox 1793 3474 1921 3559; x_wconf 88' lang='lat' dir='ltr'><strong>Tigranis</strong></span> <span class='ocrx_word' id='word_1_281' title='bbox 2000 3545 2001 3558; x_wconf 17' lang='grc' dir='ltr'><strong>ρ</strong></span> 
     </span>
     <span class='ocr_line' id='line_1_28' title="bbox 578 3579 2001 3665; baseline -0.001 -19"><span class='ocrx_word' id='word_1_282' title='bbox 578 3582 682 3647; x_wconf 90' lang='lat' dir='ltr'><strong>aviam</strong></span> <span class='ocrx_word' id='word_1_283' title='bbox 705 3586 881 3645; x_wconf 91' lang='lat' dir='ltr'><strong>maternam</strong></span> <span class='ocrx_word' id='word_1_284' title='bbox 904 3579 996 3646; x_wconf 91' lang='lat' dir='ltr'><strong>nobis</strong></span> <span class='ocrx_word' id='word_1_285' title='bbox 1019 3580 1158 3663; x_wconf 91' lang='lat' dir='ltr'><strong>ignotam</strong></span> <span class='ocrx_word' id='word_1_286' title='bbox 1183 3601 1221 3644; x_wconf 88' lang='lat' dir='ltr'><strong>ex</strong></span> <span class='ocrx_word' id='word_1_287' title='bbox 1245 3580 1921 3665; x_wconf 74' lang='grc' dir='ltr'><strong>1011011ωο111103110113110111111000</strong></span> <span class='ocrx_word' id='word_1_288' title='bbox 2000 3633 2001 3644; x_wconf 79' lang='grc'><strong>.</strong></span> 
     </span>
     <span class='ocr_line' id='line_1_29' title="bbox 576 3683 1922 3769; baseline -0.004 -18"><span class='ocrx_word' id='word_1_289' title='bbox 576 3688 646 3751; x_wconf 88' lang='lat' dir='ltr'><strong>lam</strong></span> <span class='ocrx_word' id='word_1_290' title='bbox 666 3707 736 3749; x_wconf 91' lang='lat' dir='ltr'><strong>cum</strong></span> <span class='ocrx_word' id='word_1_291' title='bbox 760 3704 798 3749; x_wconf 90' lang='lat' dir='ltr'><strong>ex</strong></span> <span class='ocrx_word' id='word_1_292' title='bbox 821 3690 1023 3750; x_wconf 89' lang='lat' dir='ltr'><strong>monumento</strong></span> <span class='ocrx_word' id='word_1_293' title='bbox 1046 3686 1215 3768; x_wconf 89' lang='lat' dir='ltr'><strong>Ancyrano</strong></span> <span class='ocrx_word' id='word_1_294' title='bbox 1238 3689 1359 3749; x_wconf 87' lang='lat' dir='ltr'><strong>constet</strong></span> <span class='ocrx_word' id='word_1_295' title='bbox 1382 3685 1532 3749; x_wconf 90' lang='lat' dir='ltr'><strong>extremis</strong></span> <span class='ocrx_word' id='word_1_296' title='bbox 1554 3686 1693 3769; x_wconf 88' lang='lat' dir='ltr'><strong>Augusti</strong></span> <span class='ocrx_word' id='word_1_297' title='bbox 1715 3685 1808 3750; x_wconf 91' lang='lat' dir='ltr'><strong>annis</strong></span> <span class='ocrx_word' id='word_1_298' title='bbox 1831 3683 1922 3765; x_wconf 78' lang='lat' dir='ltr'><strong>Tigra·</strong></span> 
     </span>
     <span class='ocr_line' id='line_1_30' title="bbox 576 3786 1921 3874; baseline -0.006 -17"><span class='ocrx_word' id='word_1_299' title='bbox 576 3812 650 3857; x_wconf 90' lang='lat' dir='ltr'><strong>nem</strong></span> <span class='ocrx_word' id='word_1_300' title='bbox 673 3789 832 3874; x_wconf 89' lang='lat' dir='ltr'><strong>quendam</strong></span> <span class='ocrx_word' id='word_1_301' title='bbox 847 3789 1016 3855; x_wconf 89' lang='lat' dir='ltr'><strong>Armeniae</strong></span> <span class='ocrx_word' id='word_1_302' title='bbox 1031 3789 1204 3873; x_wconf 88' lang='lat' dir='ltr'><strong>imperasse</strong></span> <span class='ocrx_word' id='word_1_303' title='bbox 1225 3809 1265 3851; x_wconf 88' lang='lat' dir='ltr'><strong>ex</strong></span> <span class='ocrx_word' id='word_1_304' title='bbox 1284 3787 1368 3871; x_wconf 91' lang='lat' dir='ltr'><strong>regio</strong></span> <span class='ocrx_word' id='word_1_305' title='bbox 1389 3808 1502 3870; x_wconf 89' lang='lat' dir='ltr'><strong>genere</strong></span> <span class='ocrx_word' id='word_1_306' title='bbox 1517 3789 1741 3854; x_wconf 88' lang='lat' dir='ltr'><strong>Armeniorum</strong></span> <span class='ocrx_word' id='word_1_307' title='bbox 1759 3786 1921 3858; x_wconf 89' lang='lat' dir='ltr'><strong>oriundum,</strong></span> 
     </span>
     <span class='ocr_line' id='line_1_31' title="bbox 576 3890 1923 3976; baseline -0.005 -17"><span class='ocrx_word' id='word_1_308' title='bbox 576 3896 610 3958; x_wconf 94' lang='lat' dir='ltr'><strong>in</strong></span> <span class='ocrx_word' id='word_1_309' title='bbox 633 3895 716 3959; x_wconf 88' lang='lat' dir='ltr'><strong>hunc</strong></span> <span class='ocrx_word' id='word_1_310' title='bbox 738 3901 806 3959; x_wconf 89' lang='lat' dir='ltr'><strong>tam</strong></span> <span class='ocrx_word' id='word_1_311' title='bbox 828 3900 910 3957; x_wconf 92' lang='lat' dir='ltr'><strong>recte</strong></span> <span class='ocrx_word' id='word_1_312' title='bbox 934 3892 1127 3957; x_wconf 92' lang='lat' dir='ltr'><strong>conveniunt</strong></span> <span class='ocrx_word' id='word_1_313' title='bbox 1150 3890 1257 3956; x_wconf 90' lang='lat' dir='ltr'><strong>omnia</strong></span> <span class='ocrx_word' id='word_1_314' title='bbox 1280 3911 1361 3973; x_wconf 90' lang='lat' dir='ltr'><strong>quae</strong></span> <span class='ocrx_word' id='word_1_315' title='bbox 1385 3912 1404 3954; x_wconf 97' lang='grc'><strong>1</strong></span> <span class='ocrx_word' id='word_1_316' title='bbox 1427 3892 1536 3956; x_wconf 88' lang='lat' dir='ltr'><strong>Tacito</strong></span> <span class='ocrx_word' id='word_1_317' title='bbox 1551 3891 1748 3976; x_wconf 92' lang='lat' dir='ltr'><strong>Iosephoque</strong></span> <span class='ocrx_word' id='word_1_318' title='bbox 1772 3896 1923 3956; x_wconf 88' lang='lat' dir='ltr'><strong>narrantur</strong></span> 
     </span>
     <span class='ocr_line' id='line_1_32' title="bbox 577 3993 1923 4080; baseline -0.007 -18"><span class='ocrx_word' id='word_1_319' title='bbox 577 3999 615 4062; x_wconf 95' lang='lat' dir='ltr'><strong>de</strong></span> <span class='ocrx_word' id='word_1_320' title='bbox 632 3998 767 4080; x_wconf 88' lang='lat' dir='ltr'><strong>Tigrane</strong></span> <span class='ocrx_word' id='word_1_321' title='bbox 790 4020 809 4062; x_wconf 89' lang='lat' dir='ltr'><strong>a</strong></span> <span class='ocrx_word' id='word_1_322' title='bbox 829 3997 956 4061; x_wconf 91' lang='lat' dir='ltr'><strong>Tiberio</strong></span> <span class='ocrx_word' id='word_1_323' title='bbox 978 3994 1142 4060; x_wconf 82' lang='lat' dir='ltr'><strong>interiecto</strong></span> <span class='ocrx_word' id='word_1_324' title='bbox 1159 3994 1310 4059; x_wconf 91' lang='lat' dir='ltr'><strong>Armenia</strong></span> <span class='ocrx_word' id='word_1_325' title='bbox 1333 3995 1492 4077; x_wconf 88' lang='lat' dir='ltr'><strong>quondam</strong></span> <span class='ocrx_word' id='word_1_326' title='bbox 1514 3995 1613 4079; x_wconf 92' lang='lat' dir='ltr'><strong>potito</strong></span> <span class='ocrx_word' id='word_1_327' title='bbox 1637 4003 1669 4059; x_wconf 86' lang='lat' dir='ltr'><strong>et</strong></span> <span class='ocrx_word' id='word_1_328' title='bbox 1687 3995 1797 4079; x_wconf 90' lang='lat' dir='ltr'><strong>aliqua</strong></span> <span class='ocrx_word' id='word_1_329' title='bbox 1817 3993 1923 4058; x_wconf 88' lang='lat' dir='ltr'><strong>ratione</strong></span> 
     </span>
     <span class='ocr_line' id='line_1_33' title="bbox 577 4096 1922 4185; baseline -0.006 -20"><span class='ocrx_word' id='word_1_330' title='bbox 577 4102 617 4165; x_wconf 93' lang='lat' dir='ltr'><strong>ad</strong></span> <span class='ocrx_word' id='word_1_331' title='bbox 640 4102 771 4185; x_wconf 90' lang='lat' dir='ltr'><strong>stirpem</strong></span> <span class='ocrx_word' id='word_1_332' title='bbox 788 4101 972 4165; x_wconf 90' lang='lat' dir='ltr'><strong>Armeniam</strong></span> <span class='ocrx_word' id='word_1_333' title='bbox 994 4100 1112 4183; x_wconf 88' lang='lat' dir='ltr'><strong>regiam</strong></span> <span class='ocrx_word' id='word_1_334' title='bbox 1136 4100 1322 4183; x_wconf 90' lang='lat' dir='ltr'><strong>pertinente,</strong></span> <span class='ocrx_word' id='word_1_335' title='bbox 1346 4106 1382 4163; x_wconf 93' lang='lat' dir='ltr'><strong>ut</strong></span> <span class='ocrx_word' id='word_1_336' title='bbox 1403 4100 1581 4163; x_wconf 89' lang='lat' dir='ltr'><strong>necessario</strong></span> <span class='ocrx_word' id='word_1_337' title='bbox 1603 4098 1687 4163; x_wconf 90' lang='lat' dir='ltr'><strong>idem</strong></span> <span class='ocrx_word' id='word_1_338' title='bbox 1703 4099 1746 4163; x_wconf 92' lang='lat' dir='ltr'><strong>sit</strong></span> <span class='ocrx_word' id='word_1_339' title='bbox 1760 4096 1922 4163; x_wconf 88' lang='lat' dir='ltr'><strong>habendus.</strong></span> 
     </span>
     <span class='ocr_line' id='line_1_34' title="bbox 578 4201 1923 4287; baseline -0.004 -18"><span class='ocrx_word' id='word_1_340' title='bbox 578 4206 776 4269; x_wconf 85' lang='lat' dir='ltr'><strong>Contrarium</strong></span> <span class='ocrx_word' id='word_1_341' title='bbox 800 4204 928 4286; x_wconf 93' lang='lat' dir='ltr'><strong>quidem</strong></span> <span class='ocrx_word' id='word_1_342' title='bbox 951 4202 1092 4268; x_wconf 89' lang='lat' dir='ltr'><strong>defendit</strong></span> <span class='ocrx_word' id='word_1_343' title='bbox 1114 4201 1325 4287; x_wconf 90' lang='lat' dir='ltr'><strong>Nipperdeius</strong></span> <span class='ocrx_word' id='word_1_344' title='bbox 1356 4202 1396 4265; x_wconf 92' lang='lat' dir='ltr'><strong>ad</strong></span> <span class='ocrx_word' id='word_1_345' title='bbox 1424 4202 1497 4265; x_wconf 88' lang='lat' dir='ltr'><strong>Tac.</strong></span> <span class='ocrx_word' id='word_1_346' title='bbox 1523 4204 1552 4278; x_wconf 89' lang='grc'><strong>6,</strong></span> <span class='ocrx_word' id='word_1_347' title='bbox 1569 4204 1613 4265; x_wconf 86' lang='lat'><strong>40</strong></span> <span class='ocrx_word' id='word_1_348' title='bbox 1641 4202 1842 4278; x_wconf 87' lang='lat' dir='ltr'><strong>Armeniam,</strong></span> <span class='ocrx_word' id='word_1_349' title='bbox 1871 4217 1923 4281; x_wconf 81' lang='lat' dir='ltr'><strong>qua</strong></span> 
     </span>
     <span class='ocr_line' id='line_1_35' title="bbox 578 4306 1924 4392; baseline -0.01 -18"><span class='ocrx_word' id='word_1_350' title='bbox 578 4311 730 4392; x_wconf 88' lang='lat' dir='ltr'><strong>Tigranes</strong></span> <span class='ocrx_word' id='word_1_351' title='bbox 748 4332 767 4373; x_wconf 92' lang='lat' dir='ltr'><strong>a</strong></span> <span class='ocrx_word' id='word_1_352' title='bbox 782 4308 909 4372; x_wconf 90' lang='lat' dir='ltr'><strong>Tiberio</strong></span> <span class='ocrx_word' id='word_1_353' title='bbox 925 4309 1109 4372; x_wconf 86' lang='lat' dir='ltr'><strong>interfectus</strong></span> <span class='ocrx_word' id='word_1_354' title='bbox 1133 4306 1292 4389; x_wconf 90' lang='lat' dir='ltr'><strong>quondam</strong></span> <span class='ocrx_word' id='word_1_355' title='bbox 1315 4306 1435 4392; x_wconf 89' lang='lat' dir='ltr'><strong>potitus</strong></span> <span class='ocrx_word' id='word_1_356' title='bbox 1459 4306 1510 4382; x_wconf 89' lang='lat' dir='ltr'><strong>sit,</strong></span> <span class='ocrx_word' id='word_1_357' title='bbox 1535 4311 1677 4369; x_wconf 91' lang='lat' dir='ltr'><strong>statuens</strong></span> <span class='ocrx_word' id='word_1_358' title='bbox 1699 4306 1853 4371; x_wconf 91' lang='lat' dir='ltr'><strong>minorem</strong></span> <span class='ocrx_word' id='word_1_359' title='bbox 1866 4319 1924 4365; x_wconf 88' lang='lat' dir='ltr'><strong>esse</strong></span> 
     </span>
     <span class='ocr_line' id='line_1_36' title="bbox 579 4407 1923 4495; baseline -0.008 -18"><span class='ocrx_word' id='word_1_360' title='bbox 579 4412 618 4477; x_wconf 89' lang='lat' dir='ltr'><strong>ab</strong></span> <span class='ocrx_word' id='word_1_361' title='bbox 643 4432 701 4477; x_wconf 89' lang='lat' dir='ltr'><strong>avo</strong></span> <span class='ocrx_word' id='word_1_362' title='bbox 724 4412 791 4476; x_wconf 91' lang='lat' dir='ltr'><strong>eius</strong></span> <span class='ocrx_word' id='word_1_363' title='bbox 815 4411 969 4476; x_wconf 91' lang='lat' dir='ltr'><strong>Archelao</strong></span> <span class='ocrx_word' id='word_1_364' title='bbox 993 4410 1208 4495; x_wconf 89' lang='lat' dir='ltr'><strong>Cappadociae</strong></span> <span class='ocrx_word' id='word_1_365' title='bbox 1232 4431 1304 4493; x_wconf 91' lang='lat' dir='ltr'><strong>rege</strong></span> <span class='ocrx_word' id='word_1_366' title='bbox 1328 4410 1487 4494; x_wconf 91' lang='lat' dir='ltr'><strong>quondam</strong></span> <span class='ocrx_word' id='word_1_367' title='bbox 1510 4429 1698 4495; x_wconf 87' lang='lat' dir='ltr'><strong>possessam.</strong></span> <span class='ocrx_word' id='word_1_368' title='bbox 1753 4412 1796 4474; x_wconf 88' lang='lat' dir='ltr'><strong>At</strong></span> <span class='ocrx_word' id='word_1_369' title='bbox 1825 4413 1855 4471; x_wconf 93' lang='lat' dir='ltr'><strong>et</strong></span> <span class='ocrx_word' id='word_1_370' title='bbox 1875 4407 1923 4469; x_wconf 90' lang='lat' dir='ltr'><strong>Ar·</strong></span> 
     </span>
     <span class='ocr_line' id='line_1_37' title="bbox 577 4512 1925 4603; baseline -0.007 -24"><span class='ocrx_word' id='word_1_371' title='bbox 577 4516 699 4590; x_wconf 88' lang='lat' dir='ltr'><strong>menia,</strong></span> <span class='ocrx_word' id='word_1_372' title='bbox 734 4516 791 4579; x_wconf 90' lang='lat' dir='ltr'><strong>ubi</strong></span> <span class='ocrx_word' id='word_1_373' title='bbox 820 4514 1006 4599; x_wconf 89' lang='lat' dir='ltr'><strong>simpliciter</strong></span> <span class='ocrx_word' id='word_1_374' title='bbox 1036 4512 1083 4577; x_wconf 89' lang='lat' dir='ltr'><strong>ita</strong></span> <span class='ocrx_word' id='word_1_375' title='bbox 1112 4513 1305 4598; x_wconf 90' lang='lat' dir='ltr'><strong>appellatur,</strong></span> <span class='ocrx_word' id='word_1_376' title='bbox 1342 4513 1469 4577; x_wconf 93' lang='lat' dir='ltr'><strong>omnino</strong></span> <span class='ocrx_word' id='word_1_377' title='bbox 1502 4512 1603 4603; x_wconf 77' lang='lat' dir='ltr'><strong>maior</strong></span> <span class='ocrx_word' id='word_1_378' title='bbox 1634 4520 1697 4591; x_wconf 93' lang='lat' dir='ltr'><strong>est;</strong></span> <span class='ocrx_word' id='word_1_379' title='bbox 1733 4520 1764 4577; x_wconf 94' lang='lat' dir='ltr'><strong>et</strong></span> <span class='ocrx_word' id='word_1_380' title='bbox 1796 4517 1925 4597; x_wconf 89' lang='lat' dir='ltr'><strong>posteros</strong></span> 
     </span>
     <span class='ocr_line' id='line_1_38' title="bbox 578 4608 1925 4700; baseline -0.008 -16"><span class='ocrx_word' id='word_1_381' title='bbox 578 4617 768 4695; x_wconf 89' lang='lat' dir='ltr'><strong>Alexandri,</strong></span> <span class='ocrx_word' id='word_1_382' title='bbox 792 4619 826 4683; x_wconf 93' lang='lat' dir='ltr'><strong>id</strong></span> <span class='ocrx_word' id='word_1_383' title='bbox 850 4626 899 4683; x_wconf 90' lang='lat' dir='ltr'><strong>est</strong></span> <span class='ocrx_word' id='word_1_384' title='bbox 920 4618 1077 4700; x_wconf 89' lang='lat' dir='ltr'><strong>Tigranen</strong></span> <span class='ocrx_word' id='word_1_385' title='bbox 1100 4623 1284 4700; x_wconf 92' lang='lat' dir='ltr'><strong>utrumque,</strong></span> <span class='ocrx_word' id='word_1_386' title='bbox 1315 4617 1496 4699; x_wconf 86' lang='lat' dir='ltr'><strong>regnavisse</strong></span> <span class='ocrx_word' id='word_1_387' title='bbox 1518 4615 1552 4680; x_wconf 95' lang='lat' dir='ltr'><strong>in</strong></span> <span class='ocrx_word' id='word_1_388' title='bbox 1575 4616 1693 4681; x_wconf 89' lang='lat' dir='ltr'><strong>maiore</strong></span> <span class='ocrx_word' id='word_1_389' title='bbox 1714 4615 1865 4681; x_wconf 87' lang='lat' dir='ltr'><strong>Armenia</strong></span> <span class='ocrx_word' id='word_1_390' title='bbox 1887 4608 1925 4673; x_wconf 91' lang='lat' dir='ltr'><strong>di·</strong></span> 
     </span>
     <span class='ocr_line' id='line_1_39' title="bbox 578 4710 1925 4807; baseline -0.004 -20"><span class='ocrx_word' id='word_1_391' title='bbox 578 4730 660 4788; x_wconf 85' lang='lat' dir='ltr'><strong>serte</strong></span> <span class='ocrx_word' id='word_1_392' title='bbox 682 4729 816 4787; x_wconf 87' lang='lat' dir='ltr'><strong>testatur</strong></span> <span class='ocrx_word' id='word_1_393' title='bbox 835 4722 987 4807; x_wconf 92' lang='lat' dir='ltr'><strong>Iosephus</strong></span> <span class='ocrx_word' id='word_1_394' title='bbox 1011 4722 1047 4807; x_wconf 90' lang='lat' dir='ltr'><strong>(l.</strong></span> <span class='ocrx_word' id='word_1_395' title='bbox 1065 4722 1123 4805; x_wconf 87' lang='lat' dir='ltr'><strong>c.);</strong></span> <span class='ocrx_word' id='word_1_396' title='bbox 1149 4722 1285 4805; x_wconf 92' lang='lat' dir='ltr'><strong>denique</strong></span> <span class='ocrx_word' id='word_1_397' title='bbox 1307 4741 1371 4786; x_wconf 92' lang='lat' dir='ltr'><strong>non</strong></span> <span class='ocrx_word' id='word_1_398' title='bbox 1394 4741 1555 4804; x_wconf 89' lang='lat' dir='ltr'><strong>assequor,</strong></span> <span class='ocrx_word' id='word_1_399' title='bbox 1579 4741 1634 4785; x_wconf 89' lang='lat' dir='ltr'><strong>cur</strong></span> <span class='ocrx_word' id='word_1_400' title='bbox 1656 4726 1830 4805; x_wconf 91' lang='lat' dir='ltr'><strong>propterea,</strong></span> <span class='ocrx_word' id='word_1_401' title='bbox 1852 4710 1925 4798; x_wconf 80' lang='lat' dir='ltr'><strong>quod</strong></span> 
     </span>
     <span class='ocr_line' id='line_1_40' title="bbox 580 4815 1925 4908; baseline -0.011 -17"><span class='ocrx_word' id='word_1_402' title='bbox 580 4848 656 4891; x_wconf 87' lang='lat' dir='ltr'><strong>avus</strong></span> <span class='ocrx_word' id='word_1_403' title='bbox 680 4827 854 4892; x_wconf 88' lang='lat' dir='ltr'><strong>Archelaus</strong></span> <span class='ocrx_word' id='word_1_404' title='bbox 877 4826 1061 4891; x_wconf 92' lang='lat' dir='ltr'><strong>Armeniam</strong></span> <span class='ocrx_word' id='word_1_405' title='bbox 1090 4825 1245 4889; x_wconf 91' lang='lat' dir='ltr'><strong>minorem</strong></span> <span class='ocrx_word' id='word_1_406' title='bbox 1268 4825 1438 4906; x_wconf 90' lang='lat' dir='ltr'><strong>aliquando</strong></span> <span class='ocrx_word' id='word_1_407' title='bbox 1461 4824 1590 4899; x_wconf 90' lang='lat' dir='ltr'><strong>habuit,</strong></span> <span class='ocrx_word' id='word_1_408' title='bbox 1623 4844 1721 4908; x_wconf 90' lang='lat' dir='ltr'><strong>nepos</strong></span> <span class='ocrx_word' id='word_1_409' title='bbox 1751 4822 1814 4887; x_wconf 93' lang='grc'><strong>1101</strong></span> <span class='ocrx_word' id='word_1_410' title='bbox 1835 4815 1925 4905; x_wconf 86' lang='lat' dir='ltr'><strong>possit</strong></span> 
     </span>
     <span class='ocr_line' id='line_1_41' title="bbox 579 4932 860 5017; baseline 0.004 -22"><span class='ocrx_word' id='word_1_411' title='bbox 579 4952 617 4995; x_wconf 91' lang='grc'><strong>01</strong></span> <span class='ocrx_word' id='word_1_412' title='bbox 639 4932 757 5017; x_wconf 89' lang='lat' dir='ltr'><strong>potitus</strong></span> <span class='ocrx_word' id='word_1_413' title='bbox 781 4950 860 4996; x_wconf 93' lang='lat' dir='ltr'><strong>esse.</strong></span> 
     </span>
    </p>
   </div>
   <div class='ocr_carea' id='block_1_3' title="bbox 0 0 2209 6164">
    <p class='ocr_par' dir='ltr' id='par_1_3' title="bbox 0 0 2209 6164">
     <span class='ocr_line' id='line_1_42' title="bbox 0 0 2209 6164; baseline 0 0"><span class='ocrx_word' id='word_1_414' title='bbox 0 0 2209 6164; x_wconf 95' lang='lat' dir='ltr'><strong> </strong></span> 
     </span>
    </p>
   </div>
  </div>
 </body>
</html>
