4400 6175
541 708 582 770 98
1125 706 1172 770 v1‚
1186 706 1308 760 13—-23

542 883 591 946 lta
605 882 690 946 hunc
704 881 810 946 locum
826 879 986 956 constitui,
1004 899 1099 962 quem
1114 885 1304 963 temptatum
1320 879 1399 945 olim
1414 879 1623 960 aCbishnllo,
1639 879 1755 944 deinde
1769 878 1901 945 meliore

542 990 657 1050 euentu
681 1005 700 1046 a
724 985 894 1067 Borghesio
920 982 1003 1066 (dcc.
1021 1003 1108 1047 num.
1131 983 1213 1059 13,7
1240 990 1310 1067 opp.
1330 983 1542 1067 2,109.114)
1565 1003 1665 1068 nuper
1685 989 1760 1068 post
1781 983 1905 1046 Graeca

542 1092 672 1154 inventa
694 1073 875 1153 retractavit
896 1086 981 1151 idem
1004 1086 1196 1168 Borghesins
1221 1086 1379 1169 (Gerhard
1394 1089 1484 1150 oret.
1504 1089 1637 1169 Zeituup
1665 1089 1750 1153 1844
1772 1109 1804 1172 p.
1818 1087 1903 1171 242)

544 1194 711 1276 diligenter
720 1191 943 1273 *feliciterqum
973 1190 1028 1254 sed
1052 1197 1089 1254 ut
1111 1197 1309 1254 remanerent
1332 1190 1384 1254 vel
1406 1189 1452 1254 sic
1475 1190 1638 1274 complura
1657 1193 1793 1269 incerta3
1817 1211 1905 1275 quae

543 1303 608 1365 iam
637 1297 737 1361 adiuti
764 1295 902 1359 manime
926 1295 1031 1358 Latini
1058 1293 1146 1359 tituli
1174 1294 1319 1378 exemplo
1336 1299 1492 1357 accurate
1521 1301 1651 1379 excepto
1671 1295 1718 1359 ita
1739 1296 1832 1360 nobis
1854 1296 1906 1359 vi·

545 1404 656 1468 demur
685 1398 865 1474 sustulisse,
898 1405 934 1462 ut
956 1397 1019 1462 nisi
1049 1397 1088 1460 de
1114 1396 1257 1461 minimis
1286 1397 1441 1461 dubitatio
1470 1396 1561 1461 nulla
1587 1397 1724 1482 amplius
1751 1400 1905 1483 supersit.

545 1506 716 1570 Videamus
743 1508 849 1565 autem
878 1501 917 1565 de
946 1501 1080 1582 singulis
1110 1506 1144 1563 et
1168 1500 1307 1584 primum
1337 1500 1464 1583 quidem
1495 1500 1534 1564 de
1556 1501 1681 1565 reddita
1701 1522 1734 1565 re
1758 1501 1901 1585 publicu.

546 1613 615 1690 Qua
636 1609 675 1672 de
699 1628 732 1670 re
754 1606 886 1672 maximi
909 1605 1059 1670 momenti
1083 1624 1146 1668 non
1168 1603 1292 1688 pigebit
1312 1605 1494 1668 testimonia
1515 1625 1597 1688 quae
1618 1610 1780 1688 praeterea
1793 1612 1909 1671 extant

546 1713 689 1798 graviora
715 1715 798 1774 certe
826 1708 1057 1793 composuisse,
1087 1727 1283 1791 quamquam
1313 1727 1395 1789 ques
1424 1707 1483 1770 boc
1512 1708 1579 1772 loco
1602 1707 1737 1771 dicenda
1758 1710 1904 1787 veniunt,

546 1837 654 1884 eorum
677 1814 829 1899 pleraque
851 1813 916 1876 iam
939 1812 1090 1897 occupavi
1111 1811 1146 1874 in
1169 1810 1393 1875 commentario
1408 1831 1509 1895 nuper
1523 1811 1608 1876 edito
1623 1810 1663 1875 de
1678 1810 1780 1894 elogio
1794 1815 1906 1878 uxoris

429 1989 437 2000 ,
547 1924 582 2000 Q.
600 1918 737 1983 Lucretii
761 1917 888 2000 (comm.
906 1915 992 1980 acad.
1009 1936 1073 1998 rog.
1090 1915 1193 1980 Borol.
1211 1937 1239 1980 a.
1252 1915 1336 1978 1863
1357 1935 1389 1998 p.
1399 1917 1441 1978 47
1444 1916 1464 1979 8
1486 1936 1517 1979 n.
1531 1915 1577 1998 2).
1614 1916 1701 1979 Inter
1721 1916 1908 1982 testimonia

547 2046 584 2088 ea
606 2020 776 2108 primarius
800 2027 848 2083 est
876 2040 1024 2083 nummus
1049 2040 1088 2083 ex
1112 2038 1224 2101 genere
1248 2018 1460 2102 cistophorum
1488 2018 1628 2101 (Eclrhel
1651 2020 1681 2095 6,
1699 2020 1757 2098 833
1787 2021 1908 2086 Pinder

545 2130 579 2192 in
604 2127 682 2190 actis
706 2123 794 2187 acad.
819 2122 920 2185 Berol.
946 2143 973 2185 a.
993 2123 1076 2187 1855
1101 2143 1132 2206 p.
1151 2124 1213 2185 579
1237 2122 1302 2186 tab.
1317 2123 1347 2197 2,
1363 2122 1423 2205 4),
1451 2120 1486 2184 in
1510 2142 1571 2206 quo
1594 2127 1643 2185 est
1664 2122 1705 2187 ab
1728 2143 1793 2187 una
1814 2133 1908 2209 parte

547 2238 621 2312 imp.
641 2230 763 2292 Occscr
779 2228 845 2288 dici
859 2227 884 2307 s.
902 2245 967 2288 ccc.
987 2246 1018 2291 vr
1037 2225 1080 2308 (a.
1093 2223 1173 2308 726)
1191 2226 1351 2288 libertatis
1363 2244 1397 2304 p.
1414 2225 1452 2286 u.
1467 2227 1583 2288 uindex
1598 2211 1793 2310 adscriptum
1807 2230 1908 2313 capiti

548 2332 692 2400 Caesaris
715 2329 870 2404 laureato,
901 2329 941 2392 ab
966 2328 1065 2393 altera
1084 2349 1155 2409 pcc
1178 2327 1372 2411 adscriptum
1395 2326 1473 2390 deae
1494 2327 1569 2392 Paci
1591 2330 1689 2394 stanti
1709 2331 1838 2396 taedam
1852 2354 1910 2417 pe-

549 2440 643 2503 dibus
666 2433 801 2498 calcanti
829 2437 860 2495 et
882 2431 1012 2494 sinistra
1039 2430 1161 2494 tenenti
1182 2430 1369 2509 caduceum
1395 2429 1500 2494 adstet
1521 2431 1616 2496 solita
1636 2433 1671 2498 in
1694 2433 1743 2499 bis
1766 2437 1909 2500 nummis

504 2608 510 2622 ,
549 2543 629 2607 cista
652 2559 724 2602 cum
747 2542 900 2620 serpente.
938 2534 1083 2617 Elegium
1106 2533 1198 2598 modo
1222 2534 1352 2598 citatum
1368 2534 1522 2618 scriptum
1545 2557 1612 2600 ca.
1630 2539 1695 2602 750
1718 2539 1748 2615 2,
1765 2540 1824 2603 25:
1846 2561 1908 2621 ρα-

550 2658 623 2713 outo
657 2645 733 2709 orbe
772 2652 944 2718 terrorum,
978 2642 1128 2702 restituta
1162 2660 1198 2702 re
1224 2641 1363 2722 publicu.
1416 2639 1562 2723 Hyginus
1596 2641 1635 2704 de
1670 2642 1762 2708 limit.
1792 2664 1823 2727 p.
1843 2647 1907 2708 177

552 2750 694 2814 bachmu
729 2748 821 2808 divtis
850 2745 1010 2823 Augustus
1042 2742 1237 2828 [postquam]
1270 2745 1456 2823 adsignauit
1490 2746 1563 2807 orbi
1596 2753 1753 2810 terrarum
1785 2767 1909 2830 pacem,

549 2857 665 2918 milites
695 2851 825 2913 colonos
856 2849 943 2929 fecit.
998 2845 1084 2910 Fasti
1108 2847 1218 2910 Praen.
1249 2847 1289 2911 ad
1312 2847 1379 2909 lan.
1404 2848 1443 2910 13
1469 2846 1524 2929 (C.
1542 2848 1566 2910 l.
1584 2848 1618 2910 L.
1641 2849 1657 2910 l
1679 2869 1709 2932 p.
1724 2850 1820 2933 384):
1856 2873 1910 2916 cc

551 2978 632 3023 romu
655 2953 783 3038 puerpera
808 2953 855 3013 uti
880 2971 975 3032 super
997 2953 1124 3013 iuncum
1154 2954 1263 3015 domus
1287 2955 1360 3031 imp.
1389 2949 1551 3034 Caesaris]
1572 2953 1709 3034 Augusti
1728 2953 1913 3039 possedetur

551 3071 679 3126 secutus
711 3057 865 3135 decreuit,
897 3056 980 3135 quod
1008 3075 1072 3117 rem
1099 3054 1269 3140 publicam]
1295 3076 1327 3137 p.
1351 3055 1388 3119 R.
1413 3051 1580 3139 restituiffl.
1626 3053 1758 3121 Ovidius
1786 3058 1858 3123 fast.
1880 3064 1910 3139 1,

552 3168 615 3230 589
646 3165 723 3226 item
755 3160 794 3223 ad
821 3156 960 3221 lan.13:
992 3162 1178 3240 redditaque
1208 3170 1256 3223 est
1284 3163 1384 3223 omnis
1406 3162 1525 3241 populo
1545 3164 1716 3241 provincia
1736 3171 1851 3226 nostro
1880 3176 1913 3228 et

552 3282 622 3334 tuus
647 3268 791 3345 Auplusto
819 3265 943 3325 comice
972 3262 1076 3326 dictus
1100 3243 1187 3327 aeus.
1235 3264 1376 3326 Velleius
1392 3264 1422 3337 2,
1439 3264 1499 3327 80:
1523 3266 1630 3327 Finita
1653 3266 1801 3329 uicesimo
1825 3288 1912 3332 anco

553 3376 635 3436 bellu
666 3370 774 3432 cicilio
802 3366 887 3448 (705
897 3365 1044 3448 —724),
1073 3369 1201 3447 sepulto
1230 3376 1380 3447 externa,
1408 3378 1560 3431 revocato
1579 3388 1650 3449 poa
1759 3374 1913 3436 restituta

551 3480 600 3538 cis
625 3474 758 3552 legibus,
783 3470 912 3533 iudiciis
936 3472 1126 3547 auctoritas,
1149 3475 1276 3533 senatui
1297 3475 1460 3551 maiestas,
1483 3474 1646 3552 imperium
1664 3475 1914 3553 magistratuum

553 3582 595 3642 ud
616 3578 787 3657 pristinum
812 3576 974 3638 reductum
1000 3576 1123 3639 modam
1246 3579 1359 3655 prisco
1382 3578 1440 3639 illa
1466 3586 1498 3638 et
1526 3577 1659 3655 antipam
1686 3578 1735 3637 rei
1760 3580 1914 3657 publicae

552 3685 657 3765 formu
687 3690 848 3744 reuocato.
901 3679 947 3742 of.
973 3679 1040 3742 Liv.
1066 3679 1140 3763 epit.
1167 3679 1245 3754 1343
1283 3678 1458 3743 Cassiodor.
1482 3678 1546 3741 chr.
1575 3678 1617 3741 ed
1638 3697 1668 3744 a.
1685 3679 1758 3742 727.
1812 3682 1913 3745 Vides

552 3785 664 3851 aetatis
688 3786 851 3866 Augustae
882 3789 1023 3848 auctores
1047 3783 1204 3845 Romanos
1225 3783 1321 3867 plane
1343 3791 1380 3845 ut
1401 3781 1479 3845 facit
1498 3782 1567 3865 ipso
1590 3783 1754 3863 Augustus
1776 3802 1844 3847 rem
1866 3785 1915 3851 ita

553 3908 695 3964 narrare,
728 3887 819 3969 quasi
842 3907 914 3949 vere
937 3892 1006 3950 tum
1029 3906 1096 3949 rem
1119 3885 1280 3970 publicam
1303 3884 1490 3963 reddiderit3
1521 3884 1608 3948 solus
1631 3884 1760 3963 Strabo,
1792 3887 1914 3973 quippe

553 3994 609 4076 qui
633 3990 761 4054 Graecis
791 3990 929 4053 maxime
954 3990 1129 4065 scribebat,
1159 3989 1291 4053 liberius
1315 3989 1360 4052 sic
1384 3988 1528 4053 enuntiat
1550 4008 1613 4052 non
1634 4010 1738 4053 rerum
1761 3991 1914 4074 speciem,

553 4097 610 4159 sed
638 4095 743 4178 ipsam
771 4112 839 4157 rem
869 4094 937 4175 (17,
956 4094 986 4169 3,
1005 4094 1046 4156 25
1070 4114 1101 4177 p.
1119 4094 1215 4176 840):
1247 4095 1266 4176 ἡ
1295 4094 1397 4178 πατρὶς
1426 4094 1586 4179 ἐπέτρεψεν
1617 4093 1698 4179 αὐτῷ
1725 4094 1914 4180 (Augusto)

553 4203 605 4283 τὴν
637 4197 815 4282 προστασίαν
847 4200 899 4279 τῆς
931 4197 1092 4280 ἡγεμονίας
1122 4199 1173 4260 καὶ
1202 4196 1336 4281 πολέμου
1366 4198 1416 4259 καὶ
1445 4196 1565 4281 εἰρήνης
1586 4197 1713 4281 κατέστη
1737 4199 1842 4283 κύρτας
1864 4200 1914 4263 διὰ

555 4306 632 4390 βίου.
671 4303 714 4364 At
737 4299 790 4381 qui
814 4306 923 4382 postea
944 4299 1148 4383 scripserunt,
1172 4308 1296 4384 praeter
1311 4300 1465 4376 Tacitum,
1490 4299 1530 4363 de
1546 4320 1607 4383 quo
1622 4300 1705 4365 inire
1720 4301 1914 4380 videbimus,

553 4412 678 4468 tantum
702 4403 832 4477 absunt,
865 4408 901 4465 ut
923 4400 962 4465 bb
988 4422 1023 4465 eo
1045 4423 1129 4465 anno
1152 4402 1333 4467 libertatem
1355 4402 1467 4487 populi
1488 4401 1621 4465 Romani
1645 4401 1746 4468 denno
1770 4406 1916 4490 coepisse
2026 4465 2027 4506 ρ

556 4513 708 4583 statuunt,
737 4512 773 4569 ut
795 4504 869 4569 inde
892 4525 1024 4586 regnum
1051 4512 1242 4590 computent.
1284 4504 1341 4568 Ἐκ
1369 4506 1492 4581 τούτου,
1522 4504 1582 4567 Dio
1610 4506 1655 4569 ait
1678 4507 1814 4592 (521)
1861 4534 1914 4594 μο-

554 4612 731 4697 ναρχεῖσθαι
760 4608 845 4677 αὖθις
875 4610 1006 4695 ἀκριβῶς
1033 4607 1168 4693 ἤρξαντο.
1219 4609 1389 4673 Suetonius
1414 4610 1510 4691 (Aug.
1528 4610 1601 4691 28):
1633 4612 1671 4672 dc
1693 4614 1858 4676 reddenda
1879 4636 1916 4677 re

554 4720 699 4799 publica,
723 4715 841 4797 inquit,
867 4717 1022 4794 cogitauit
1143 4724 1220 4796 post
1244 4732 1430 4794 oppressam
1452 4717 1561 4775 statim
1584 4714 1770 4796 Antonium,
1797 4738 1916 4781 memor

557 4823 708 4885 obiectum
737 4821 800 4882 sibi
830 4820 870 4881 ub
900 4839 937 4881 eo
966 4822 1116 4899 saepius,
1146 4822 1240 4900 quasi
1259 4839 1320 4900 per
1342 4822 1444 4899 ipsam
1472 4821 1575 4879 staret
1596 4838 1635 4879 ne
1656 4820 1844 4881 redderetur

555 4926 613 4987 sed
635 4933 787 5004 reputans
811 4932 841 4984 et
864 4942 899 4985 sc
919 4926 1080 5003 priuatum
1105 4945 1169 4986 mou
1189 4926 1258 4987 sine
1278 4923 1422 5004 periculo
1445 4922 1517 5002 fore
1538 4929 1570 4983 et
1591 4922 1682 4983 illam
1700 4927 1840 5003 plurium
1863 4944 1928 4988 ‹ar-⁸

557 5030 654 5091 bitrio
676 5020 790 5089 temere
813 5028 973 5105 committi,
998 5029 1031 5087 ia
1047 5029 1212 5090 retinendo
1224 5029 1451 5107 perseuerauit.
1489 5022 1555 5087 Ubi
1577 5025 1709 5109 scriptor
1732 5027 1917 5111 ceteroquin

556 5128 706 5211 diligens,
737 5128 792 5191 scd
821 5129 854 5190 in
882 5128 1022 5192 minimis
1045 5132 1199 5206 maxime,
1228 5130 1262 5193 in
1284 5134 1596 5211 utramquepartem
1623 5130 1760 5209 graviter
1789 5136 1915 5214 peccat:
