4400 6175
1001 935 1038 996 A.
1084 927 1204 997 PARS
1226 929 1418 998 LATINA.

641 1090 831 1176 Exemplum
854 1092 1003 1157 Latinum
1024 1113 1098 1157 oum
1121 1091 1160 1156 ab
1185 1111 1221 1157 55
1244 1092 1306 1170 515,
1331 1112 1393 1176 quo
1415 1091 1554 1158 incisum
1576 1099 1634 1170 est,
1659 1093 1807 1160 adhunc
1830 1117 1887 1180 pu·

532 1194 614 1259 blice
636 1195 812 1280 prostiterit
831 1196 900 1262 loeo
923 1195 1171 1273 evidentissimo,
1195 1195 1330 1280 insignis
1353 1196 1550 1262 monumenti
1573 1197 1686 1262 notitia
1707 1199 1889 1283 percrebuit

532 1299 573 1363 ab
603 1319 639 1362 eo
665 1299 736 1384 ipso
763 1305 918 1384 tempore,
952 1320 1014 1384 quo
1042 1300 1199 1366 restitutis
1227 1300 1342 1366 litteris
1365 1301 1426 1368 viri
1455 1301 1540 1368 docti
1567 1302 1707 1386 primum
1728 1304 1888 1388 Ancyram

512 1411 752 1487 ,pervenerunt
810 1405 870 1481 Qui
898 1406 1028 1470 fuerunt
1055 1406 1154 1489 legati
1187 1407 1249 1472 duo
1279 1407 1318 1472 ab
1347 1406 1536 1492 imperatore
1567 1408 1753 1472 Germaniae
1781 1407 1888 1472 Fordi-

531 1507 636 1574 nando
652 1509 683 1572 ll
706 1531 735 1576 a.
750 1510 833 1574 1555
857 1510 898 1574 ad
920 1510 1143 1596 imperatorem
1165 1511 1340 1576 ancarnm
1364 1511 1563 1577 Solimanum
1584 1512 1773 1578 Vindobona
1793 1514 1888 1578 Ama

532 1611 613 1678 siam
634 1613 727 1679 missi
748 1615 908 1696 Augerius
924 1614 1084 1680 Gislenius
1104 1615 1306 1700 anbcquius
1321 1616 1462 1682 Batavus
1484 1622 1518 1680 et
1532 1617 1690 1683 Antonius
1705 1617 1889 1682 Wrantnius

531 1716 601 1782 sive
615 1718 784 1784 Verantins
807 1719 974 1806 episcopus
997 1721 1113 1803 Agriae
1135 1741 1209 1786 cum
1231 1719 1400 1786 comitibus
1424 1721 1491 1785 suis
1504 1718 1552 1806 ⁸).
1598 1721 1752 1806 Exempla
1774 1721 1888 1786 horum

533 1819 628 1886 iussu
640 1830 773 1908 excepta
782 1843 846 1889 non
858 1825 955 1910 plena
965 1834 998 1890 et
1008 1825 1120 1890 multis
1131 1825 1209 1890 locis
1221 1830 1367 1910 corrupta
1378 1845 1452 1890 cum
1463 1825 1596 1890 minime
1608 1826 1837 1902 satisfacerent,
1849 1825 1889 1890 ab

532 1945 569 1990 eo
583 1926 659 1991 inde
672 1932 814 2013 tempore
830 1927 974 1994 homines
989 1928 1075 1993 docti
1090 1935 1236 2014 expetere
1252 1934 1432 2014 coeperunt,
1448 1935 1486 1993 ut
1498 1928 1658 2010 integrum
1669 1937 1702 1994 55
1715 1929 1890 2014 perfectum

532 2032 749 2116 apographum
770 2039 951 2118 pararetur,
981 2054 1117 2117 cumque
1139 2032 1254 2098 Daniel
1278 2032 1448 2098 Gossonins
1476 2032 1656 2118 exemplum
1680 2032 1744 2098 sibi
1767 2054 1889 2118 compa·

532 2141 635 2200 resset
654 2135 719 2199 nisi
743 2136 870 2216 bonurn,
894 2145 977 2202 certe
998 2137 1226 2222 anbequianc
1248 2138 1499 2223 praeferendum,
1523 2137 1655 2204 Paullus
1675 2139 1778 2204 Lucas
1799 2138 1890 2204 iussu

532 2239 685 2305 Ludovici
701 2241 775 2305 XIV
796 2248 865 2308 turn
888 2243 1011 2308 Galliae
1038 2243 1122 2326 regis
1153 2243 1192 2307 ob
1220 2242 1255 2306 id
1282 2243 1390 2328 ipsum
1417 2242 1536 2308 missus
1560 2244 1719 2326 Ancyram
1744 2242 1890 2328 imperite

532 2344 672 2428 quidem,
697 2345 754 2410 sed
776 2367 850 2411 cum
872 2347 934 2412 fide
957 2347 1171 2430 etdiligentia
1191 2367 1379 2432 summaque
1401 2347 1554 2432 propositi
1576 2346 1754 2412 constantia
1768 2346 1890 2432 primus

533 2457 774 2515 monumentum
802 2457 905 2517 totum
932 2452 1111 2538 descripsit.
1163 2453 1207 2516 At
1230 2452 1333 2516 Lucae
1364 2451 1545 2536 exemplum
1574 2471 1768 2536 quamquam
1790 2451 1891 2516 multa

531 2552 656 2619 addidit
677 2555 929 2640 emendavitque,
954 2564 1060 2622 tamen
1084 2576 1286 2640 nequaquam
1308 2555 1372 2620 tale
1387 2556 1458 2632 luit,
1483 2554 1578 2639 quale
1596 2554 1808 2640 expetendum
1823 2560 1892 2618 erat

532 2658 568 2722 in
596 2658 691 2724 titulo
722 2660 777 2745 qui
805 2660 888 2726 inter
910 2662 1040 2726 Latinos
1070 2662 1218 2726 omnibus
1247 2659 1518 2726 consentientibus
1547 2659 1687 2745 primum
1707 2659 1813 2724 locum
1834 2659 1891 2723 ob·

532 2761 624 2828 tinet.
663 2763 728 2827 Nec
751 2764 820 2829 sine
843 2785 940 2829 cansa
961 2766 1163 2830 mirabuntur
1186 2765 1305 2850 posteri
1328 2764 1468 2829 omnium
1492 2765 1657 2830 nationum
1678 2763 1763 2828 viros
1783 2761 1891 2828 doctos

532 2885 589 2951 per
611 2885 711 2931 annos
733 2867 806 2952 plus
828 2875 984 2935 trecentos
1013 2870 1132 2935 frustra
1154 2870 1366 2947 laboravisse,
1397 2876 1433 2934 55
1462 2889 1580 2955 paucae
1603 2869 1738 2956 paginae
1759 2867 1891 2934 Latinae

531 2969 565 3034 in
582 2969 662 3035 Asia
683 2972 803 3037 minore
818 2973 946 3060 publice
960 2982 1139 3060 prostantes
1154 2982 1238 3039 recte
1255 2973 1516 3040 describerentur.
1556 2975 1648 3038 Anno
1665 2973 1793 3038 demum
1806 2975 1888 3038 1861

533 3074 618 3160 quod
640 3083 689 3144 tot
709 3099 818 3162 regum
841 3080 1057 3163 generationes
1082 3085 1137 3145 aut
1151 3079 1330 3162 ignorantia
1345 3101 1404 3145 555
1418 3085 1474 3145 555
1488 3078 1613 3145 incuria
1626 3079 1729 3145 faeere
1745 3080 1891 3164 neglexe-

532 3188 613 3258 rant,
637 3182 672 3245 in
694 3204 728 3245 se
750 3185 891 3268 suscepit
912 3184 1052 3268 Napoleo
1068 3186 1115 3249 llI
1138 3184 1302 3254 Gallorum
1325 3185 1496 3269 imperator
1516 3184 1687 3270 perficique
1702 3184 1797 3249 iussit
1813 3184 1891 3247 bene

532 3291 645 3370 coepta
665 3286 740 3349 olim
765 3288 917 3373 auspiciis
940 3288 1092 3353 Ludovici
1108 3288 1192 3355 XIV.
1231 3288 1281 3353 lta
1302 3289 1394 3353 iussu
1416 3288 1516 3367 illius,
1541 3298 1743 3355 cursantem
1768 3294 1800 3353 et
1821 3288 1891 3353 dili·

532 3390 640 3471 gentia
662 3389 787 3474 Georgii
807 3391 917 3458 Perrot
939 3396 971 3457 et
993 3392 1155 3457 Edmundi
1177 3392 1358 3457 Guillaume
1380 3394 1473 3457 bonis
1495 3393 1611 3457 litteris
1633 3392 1731 3456 trium
1754 3391 1892 3457 saeculo-

532 3514 603 3557 rum
628 3492 771 3559 debitum
793 3496 923 3561 tandem
946 3496 1120 3580 aliquando
1144 3497 1323 3563 exsolutum
1346 3503 1396 3561 est
1409 3496 1644 3579 babuimusque
1659 3502 1784 3581 praeter
1799 3496 1892 3561 Grae-

532 3619 606 3663 cum
630 3600 808 3685 expletum,
832 3600 872 3665 de
895 3621 957 3685 quo
980 3601 1065 3665 infra
1087 3601 1224 3678 dicetur,
1254 3602 1354 3688 partis
1377 3601 1508 3665 Latinae
1531 3595 1711 3683 exemplum
1734 3598 1893 3683 integrum

532 3710 564 3767 et
586 3704 731 3788 probum.
778 3705 977 3789 Quamquam
999 3705 1155 3791 exemplis
1179 3705 1349 3791 antiquiori
1376 3704 1434 3768 bns
1458 3724 1520 3770 non
1545 3703 1671 3768 omnino
1694 3724 1800 3769 carere
1822 3724 1893 3790 pos·

531 3829 659 3886 sumus,
688 3810 827 3874 maxime
856 3815 983 3894 propter
1004 3810 1089 3874 locos
1113 3815 1145 3874 et
1167 3810 1304 3875 minores
1328 3808 1450 3893 aliquot
1472 3814 1504 3872 et
1532 3807 1610 3872 duos
1637 3807 1772 3873 maiores
1802 3810 1832 3886 5,
1850 3810 1892 3873 34

533 3915 720 3990 -48556,
740 3916 840 3991 1-6,
865 3934 944 3999 qnos
968 3914 1024 3997 qui
1047 3915 1124 3978 olim
1139 3913 1376 3999 descripserunt
1390 3912 1497 3976 minus
1520 3908 1720 3996 imperfectos
1743 3913 1892 3978 viderunt

536 4037 633 4101 quam
656 4024 827 4083 cernuntur
849 4017 953 4096 hodie,
976 4018 1083 4106 lapide
1098 4017 1227 4082 interim
1242 4016 1409 4081 imminuto
1426 4015 1591 4101 superficie
1607 4016 1793 4082 dissiliente.
1832 4018 1893 4079 lta

534 4122 682 4206 quoiam
704 4122 939 4188 recensebimus
963 4123 1090 4205 singula
1113 4121 1269 4206 exempla,
1294 4139 1428 4204 quorum
1444 4120 1573 4205 quidem
1587 4121 1680 4207 copia
1694 4121 1784 4187 nobis
1796 4118 1868 4183 luit.

604 4337 635 4402 *)
659 4339 700 4392 lta
717 4340 750 4392 de
768 4339 844 4392 titulo
862 4338 1029 4405 anbequius
1048 4338 1105 4405 ipse
1124 4336 1274 4405 (legationis
1288 4335 1417 4388 Turoicae
1435 4336 1563 4404 epistulae
1581 4339 1710 4405 quattuor.
1728 4332 1893 4386 Franooinrti

536 4425 612 4479 1595.
630 4426 655 4479 8.
674 4425 770 4494 p.65):
794 4426 930 4493 Aneyram,
949 4424 1046 4492 inquit,
1064 4426 1171 4475 venimus
1188 4424 1345 4475 mansionen
1366 4422 1574 4489 Constantinopoli
1591 4422 1733 4475 XIX.
1768 4422 1822 4472 Hic
1836 4420 1893 4487 pnl-

534 4514 675 4564 caminam
696 4515 801 4565 vidimus
823 4514 1001 4578 inscriptionem
1024 4522 1047 4562 et
1071 4510 1339 4575 concanonicorum,
1362 4512 1450 4576 quibus
1472 4512 1573 4563 indicem
1596 4528 1675 4561 rerum
1693 4526 1710 4559 o
1727 4526 1753 4559 se
1770 4518 1894 4575 gestarum

533 4601 670 4666 complexus
688 4611 724 4652 est
741 4601 877 4667 Angustus,
897 4599 1036 4664 exemplum.
1073 4596 1108 4647 Id
1124 4606 1243 4661 quotenus
1261 4598 1311 4664 lapi
1324 4600 1415 4665 potnit,
1434 4618 1481 4665 per
1498 4609 1592 4650 nostros
1610 4597 1715 4647 honines
1734 4596 1894 4647 nenotean-

533 4688 589 4738 dnn
606 4689 750 4739 curavimus.
786 4687 868 4737 Extat
886 4686 986 4736 incisum
1004 4684 1123 4747 aedificii,
1143 4685 1209 4748 qnod
1225 4686 1281 4736 olim
1292 4687 1406 4753 sortasse
1422 4688 1571 4753 praetorium
1582 4684 1673 4751 suerit,
1696 4683 1775 4734 diruti
1792 4692 1816 4732 ot
1834 4690 1894 4732 tecto

533 4776 639 4826 carentes
656 4775 796 4824 nconnorer's
810 4772 957 4838 parietibus,
976 4772 1013 4821 ita
1031 4781 1058 4821 nt
1075 4771 1179 4821 dimidia
1195 4790 1257 4837 pars
1268 4774 1416 4824 intrantibus
1427 4773 1463 4824 ud
1473 4774 1593 4835 dextram,
1611 4771 1715 4822 dimidio
1726 4770 1762 4821 ud
1771 4770 1895 4819 sinistrant

533 4871 652 4912 oeoamot.
693 4860 815 4926 Saprerno
837 4858 923 4924 capito
933 4858 992 4923 sere
1016 4858 1114 4925 integra
1135 4870 1203 4924 sunt,
1228 4862 1308 4912 media
1331 4861 1425 4911 1555515
1444 4860 1557 4911 laborm
1579 4859 1709 4924 incipiunt,
1733 4856 1818 4918 155555
1838 4872 1895 4904 cero

534 4948 659 4999 clauorum
677 4958 700 4998 ct
721 4948 840 4998 securium
862 4946 951 4997 ictibus
973 4946 1011 4996 ita
1033 4946 1158 5009 15555555,
1182 4957 1209 4999 55
1228 4948 1278 5014 lapi
1294 4948 1465 5015 nonpossint,
1488 4947 1555 5012 qnod
1575 4962 1634 4995 sone
1651 4944 1688 4995 rei
1706 4941 1832 4993 cinerarios
1849 4960 1896 4991 non

534 5032 653 5086 mediocre
671 5036 782 5085 donnum
800 5043 836 5083 est
853 5051 871 5083 o
888 5032 967 5084 doctis
983 5033 1067 5084 merito
1086 5034 1258 5100 deplorandam
1277 5036 1351 5100 idque
1367 5052 1395 5085 eo
1413 5035 1501 5100 magis,
1521 5032 1587 5097 qnod
1597 5031 1678 5080 urbem
1691 5029 1759 5080 ilion
1772 5030 1804 5079 ab
1816 5029 1895 5079 Asine

534 5102 701 5172 communitate
718 5119 831 5185 Angusto
849 5121 957 5172 51555555
968 5122 1052 5187 fuisse
1069 5131 1167 5173 constet.
1209 5121 1349 5173 Praeterea
1365 5118 1484 5171 videatur
1507 5116 1539 5169 de
1563 5116 1613 5169 hoc
1636 5112 1895 5168 iunorec.1.u.11

534 5207 589 5273 pi
608 5220 726 5275 quaeque
744 5206 868 5273 exposuit
885 5206 995 5275 Kiepert
1013 5208 1040 5261 in
1059 5208 1127 5261 actis
1146 5206 1287 5261 menstruis
1306 5205 1379 5258 acad.
1398 5204 1484 5257 Berol.
1499 5200 1567 5255 1863
1585 5216 1611 5271 p.
1622 5200 1673 5255 307
1688 5215 1727 5269 sq.
