4400 6175
787 693 940 750 rnvnvs
960 695 1177 768 rrnqarruvs
1597 699 1660 766 129

295 866 479 933 candorum.
523 869 559 946 Q.
575 867 749 936 Caesellius
771 875 936 956 praeterea
957 868 1042 954 quod
1065 870 1165 936 sciam
1185 890 1248 935 non
1273 871 1464 949 nominatim,
1488 891 1546 938 nec
1560 872 1660 956 patris

296 970 367 1035 eius
392 972 576 1038 memoriam
599 972 696 1038 aliam
719 973 838 1050 inveni,
862 993 957 1057 quem
981 973 1096 1039 titulus
1112 973 1253 1040 declarat
1273 973 1413 1058 legatum
1428 975 1528 1041 luisse
1544 976 1586 1040 M.
1597 979 1660 1042 An·

294 1075 396 1153 tonii,
426 1075 540 1141 deinde
567 1074 806 1162 proconsulem,
838 1077 922 1143 sicut
943 1077 1028 1143 lilius
1053 1077 1192 1164 primum
1215 1078 1338 1162 legatus
1361 1078 1411 1142 Ti.
1426 1080 1566 1164 Augusti
1588 1079 1658 1156 fuit,

295 1178 414 1244 deinde
435 1180 603 1266 proconsul
627 1180 687 1265 (ol.
704 1179 799 1247 Orell.
817 1181 938 1268 3141).
989 1179 1056 1246 Hoc
1087 1182 1172 1246 enim
1199 1183 1300 1266 magis
1323 1182 1429 1268 placat
1451 1204 1548 1267 quam
1576 1183 1660 1268 quod

294 1284 463 1368 proposuit
476 1284 655 1361 Henaenus,
678 1284 713 1348 in
735 1283 829 1350 titulo
851 1284 951 1370 patris
972 1305 1102 1368 procos.
1127 1291 1305 1352 extremum
1324 1286 1482 1370 pertinere
1498 1286 1537 1351 ad
1553 1287 1660 1373 ipsum

295 1389 337 1454 Μ.
345 1389 538 1470 Antonium3
555 1409 613 1454 nec
625 1387 845 1457 difficultatem
857 1388 953 1454 habet
965 1406 1079 1457 nomen
1092 1389 1227 1456 Antonii
1236 1390 1369 1466 nudum,
1389 1410 1461 1454 cum
1474 1393 1661 1476 praesertim

296 1513 358 1558 non
372 1492 468 1558 facile
480 1491 523 1558 sit
537 1491 688 1569 indicare,
706 1491 861 1575 quomodo
874 1491 907 1556 in
920 1492 1021 1575 elogio
1033 1497 1136 1558 aetate
1149 1493 1352 1578 imperatoria
1361 1491 1489 1580 publius
1501 1496 1661 1580 proposito

296 1597 385 1663 loeus
404 1617 500 1680 quem
523 1597 550 1662 is
571 1597 604 1660 in
620 1596 784 1682 republica
798 1596 964 1674 tenuisset,
989 1597 1176 1682 praesertim
1192 1602 1331 1661 extremo
1348 1602 1490 1684 tempore
1504 1606 1577 1684 post
1591 1600 1661 1664 fini·

296 1708 364 1766 tum
377 1701 515 1766 alterum
530 1700 748 1765 triumviratus
765 1700 1028 1785 quinquennium,
1045 1700 1208 1766 commode
1224 1701 1362 1789 potuerit
1378 1702 1489 1766 efferri.
1522 1701 1661 1770 Odandit

297 1813 406 1870 autem
429 1805 557 1869 omnino
578 1804 612 1868 in
635 1803 790 1868 eiusmodi
813 1803 906 1869 titulo
935 1803 1053 1870 mentio
1077 1804 1139 1869 viri
1160 1804 1332 1870 memoriae
1354 1803 1538 1884 damnatae,
1569 1807 1659 1872 cuius

295 1930 410 1976 nomen
428 1910 592 1992 Augustus
608 1929 670 1972 non
692 1907 796 1973 solum
809 1908 843 1973 in
860 1907 1083 1974 commentario
1100 1909 1263 1994 praeteriit
1278 1909 1324 1994 (v.
1339 1930 1370 1994 p.
1382 1909 1471 1993 136),
1488 1911 1544 1975 sed
1561 1911 1661 1980 etiam

296 2035 368 2083 cnm
396 2012 450 2078 evi
479 2031 518 2076 ex
546 2011 637 2078 fastis
666 2011 804 2098 publicis
832 2011 919 2078 eradi
947 2011 1042 2081 iussit
1071 2013 1130 2096 (0.
1146 2012 1172 2077 Ι.
1188 2013 1223 2078 L.
1247 2012 1262 2076 l
1284 2033 1316 2098 p.
1329 2014 1427 2099 422).
1477 2013 1548 2078 Nisi
1576 2016 1657 2091 forte

296 2118 414 2184 mentio
438 2115 497 2180 illa
518 2117 686 2182 coniuncta
714 2122 762 2180 est
790 2137 862 2180 cum
889 2115 1031 2182 eiusdem
1055 2116 1225 2185 memoriae
1248 2116 1457 2195 restitutione,
1488 2117 1578 2187 cuius
1606 2140 1658 2184 ve·

298 2223 389 2306 stigia
410 2220 511 2288 iidem
533 2220 607 2285 fasti
631 2225 772 2296 servant,
803 2219 888 2284 facta
914 2239 977 2286 non
1000 2226 1066 2284 tam
1093 2220 1269 2305 imperante
1293 2220 1425 2285 Claudio
1453 2221 1522 2285 eius
1544 2231 1657 2307 nepote

300 2347 394 2410 qnam
415 2326 592 2410 imperante
614 2329 784 2410 pronepote
808 2323 876 2389 eins
900 2324 933 2388 C.
951 2323 1105 2408 Caligula,
1132 2323 1256 2388 scilicet
1279 2324 1335 2407 qni
1357 2323 1530 2390 Antoniam
1553 2326 1658 2411 aviam

301 2431 494 2496 carissimam
516 2428 647 2496 haberet
669 2427 868 2514 summisque
891 2426 1062 2494 honoribus
1085 2435 1211 2494 ornaret
1234 2427 1379 2514 (Sueton.
1396 2429 1495 2512 Calig.
1511 2432 1567 2511 153
1596 2431 1658 2496 Dio

307 2534 355 2610 59,
370 2533 402 2612 33
427 2533 592 2610 Eekhelb,
612 2534 699 2617 178).
754 2533 843 2612 Quod
867 2533 895 2598 si
918 2554 1030 2598 verum
1052 2539 1117 2609 est,
1147 2531 1262 2598 titulus
1285 2531 1512 2598 Caerellicrum
1533 2535 1657 2620 positus

308 2643 427 2702 estnon
449 2637 626 2721 imperante
649 2635 792 2712 Tiberio,
824 2636 879 2700 sed
905 2643 974 2721 post
997 2643 1132 2701 mortem
1156 2637 1224 2700 eius
1248 2636 1300 2721 (p.
1314 2637 1348 2702 0.
1362 2637 1437 2722 37).
1461 2678 1504 2688 -
1527 2638 1656 2724 Legatio

309 2741 449 2825 praetorio
471 2741 550 2817 iure,
575 2760 671 2824 quam
688 2738 860 2804 Caerellius
883 2744 941 2816 ter,
966 2739 1136 2824 Paelignus
1151 2739 1202 2804 bis
1218 2740 1307 2816 obiit,
1331 2747 1464 2823 uterque
1480 2748 1553 2806 ante
1567 2762 1656 2826 prae-

308 2853 407 2924 turam,
432 2846 485 2910 hic
508 2866 546 2909 ex
569 2851 698 2909 senatus
722 2841 864 2908 consulto
888 2848 920 2907 et
942 2843 1127 2908 auctoritate
1143 2842 1192 2906 Ti.
1206 2843 1360 2920 Caesaris,
1385 2845 1454 2908 sine
1475 2843 1540 2909 ullo
1557 2845 1655 2910 dubio

305 2969 355 3014 non
376 2959 428 3016 est
451 2949 631 3036 provinciae
655 2947 888 3012 administratio
910 2947 989 3033 ipsa,
1015 2947 1071 3011 sed
1087 2945 1261 3011 adsessoris
1278 2947 1416 3012 officium
1430 2946 1464 3010 in
1481 2948 1654 3032 provinciis

301 3056 443 3123 senatorii
472 3053 550 3119 iuris
579 3053 690 3138 legatis
714 3057 934 3138 propraetore
965 3051 1178 3117 commissum.
1229 3049 1310 3116 Nam
1334 3056 1366 3116 et
1389 3052 1558 3138 opponitur
1580 3052 1654 3118 huic

297 3160 444 3245 legationi
466 3161 500 3225 in
523 3157 616 3225 titulo
639 3156 743 3242 priore
766 3156 905 3221 officinm
928 3156 1025 3241 legati
1039 3155 1177 3239 Augusti
1198 3176 1256 3219 nec
1279 3154 1430 3223 credibile
1446 3162 1496 3221 est
1510 3156 1654 3226 homines

297 3284 353 3329 non
373 3262 550 3351 praetorios
573 3263 670 3327 iactos
695 3282 763 3325 esse
779 3259 898 3344 legatos
914 3260 1062 3347 Augusti,
1085 3281 1158 3324 cum
1181 3257 1278 3343 legati
1293 3259 1473 3325 adsessores
1488 3281 1551 3325 non
1565 3281 1654 3346 prae

295 3370 361 3435 torii
391 3368 516 3455 passim
545 3368 747 3433 inveniantur
775 3366 859 3451 (Dio
881 3367 939 3445 53,
966 3368 1021 3445 143
1052 3364 1183 3430 Henzen
1203 3366 1299 3431 5450.
1324 3366 1421 3430 6007.
1442 3366 1539 3430 6012.
1557 3364 1653 3430 6051.

294 3476 375 3540 6496
390 3473 478 3557 cet).
530 3470 674 3536 Putarim
703 3477 808 3535 autem
831 3470 951 3553 legatos
980 3468 1037 3534 hos
1068 3469 1167 3534 luisse
1197 3470 1422 3555 proconsulum
1443 3489 1568 3547 eorum,
1599 3469 1654 3553 qui

293 3598 345 3661 per
373 3575 550 3643 triennium
574 3573 775 3639 bienniumve
799 3573 993 3659 provinciam
1016 3573 1189 3637 retinerent
1222 3579 1254 3638 et
1277 3595 1349 3637 oum
1370 3573 1534 3659 provincia
1556 3573 1654 3638 etiam

293 3682 428 3767 legatos,
458 3687 494 3745 ut
516 3680 640 3744 iteratio
663 3676 697 3742 in
726 3678 776 3742 bis
800 3676 903 3742 titulis
926 3683 1099 3741 memorate
1129 3697 1191 3742 non
1213 3681 1280 3741 tam
1302 3677 1430 3763 propria
1452 3677 1548 3741 luerit
1569 3676 1652 3760 lega-

292 3794 407 3863 torum,
430 3806 526 3870 qnam
550 3807 569 3848 a
592 3782 832 3869 proconsulibus
856 3790 924 3845 orta
947 3780 986 3844 ad
1010 3780 1131 3864 legatos
1154 3780 1361 3845 descenderit.

403 3889 547 3973 Denique
569 3886 762 3953 monendum
786 3892 842 3961 est,
874 3884 958 3968 quod
981 3884 1122 3948 diximus
1145 3884 1344 3948 iterationem
1368 3880 1652 3947 administrationis

290 3994 495 4079 provincialis
520 4012 580 4057 non
605 3990 741 4068 admitti,
765 3989 829 4054 nisi
850 3988 907 4053 ubi
929 3987 1091 4073 provincia
1107 3986 1218 4053 eadem
1233 3987 1284 4064 sit,
1308 3986 1343 4051 id
1359 4006 1423 4051 non
1437 3986 1594 4070 pertinere
1609 3985 1652 4049 ad

289 4099 402 4165 titulos
433 4097 551 4164 soeculi
579 4094 693 4179 quarti.
747 4093 797 4157 Ita
824 4092 857 4155 in
887 4091 980 4155 titulo
1005 4089 1100 4155 Orell.
1115 4091 1202 4156 3764
1224 4090 1260 4154 L.
1276 4089 1510 4154 NoniusVerus
1533 4089 1651 4155 dicitur

290 4204 337 4267 bis
362 4202 567 4283 correctior),
590 4202 725 4280 Apuliae
748 4206 777 4261 et
796 4196 1006 4279 Calabriae),
1029 4195 1228 4259 Venellorum
1250 4203 1280 4257 et
1296 4196 1427 4270 latrice,
1451 4191 1648 4259 Caecilianus

289 4307 412 4373 ibidem
426 4308 477 4369 bis
493 4304 703 4386 reticeamus),
726 4302 817 4365 urbis
834 4302 929 4364 Rome
945 4310 974 4365 et
990 4302 1126 4382 Africae
1131 4323 1146 4375 ,·
1168 4300 1245 4365 item
1262 4299 1295 4364 0.
1314 4299 1440 4363 Caelius
1457 4296 1648 4363 Saturninus

288 4410 321 4474 in
343 4408 442 4477 titulo
464 4428 564 4493 nuper
585 4413 708 4491 reperto
731 4427 823 4471 reesoe
846 4408 985 4472 orcbtol.
1007 4426 1099 4471 acuo.
1123 4410 1186 4470 ser.
1211 4405 1305 4469 volb
1330 4405 1448 4488 (1862)
1470 4423 1504 4489 p.
1513 4402 1579 4467 389
1601 4404 1646 4466 ot·

290 4518 399 4581 corius
419 4514 681 4595 proefteclorum)
708 4514 875 4593 praetorio
898 4512 959 4590 bis,
987 4513 1021 4573 in
1043 4512 1121 4574 urbe
1143 4512 1245 4575 Rostra
1266 4519 1297 4572 et
1316 4529 1377 4591 pes·
1399 4509 1533 4590 Mysius.
1585 4504 1648 4569 Sed

289 4619 328 4683 ab
352 4617 532 4701 antiquiore
556 4623 587 4680 ct
609 4614 750 4698 legitimo
772 4635 833 4680 usu
856 4614 934 4678 talia
957 4613 1136 4677 abhorrent.
