4400 6175
890 707 935 772 Vl,
951 709 1071 770 13—23
1598 710 1658 772 101

297 877 423 961 legibus
453 879 577 964 plebive
607 881 696 945 saitis
719 889 885 966 exceptum
915 881 1030 959 fuisse,
1067 903 1107 947 ne
1137 886 1300 965 Augustus
1331 883 1372 947 iis
1400 890 1574 959 teneretur,
1604 883 1661 947 sed

296 984 392 1047 etiam
417 985 560 1066 Augusto
589 985 656 1068 lege
688 985 816 1050 licuisse
840 986 950 1049 foedus
975 987 1091 1063 iacere,
1124 1009 1196 1052 curn
1227 989 1345 1069 quibus
1372 987 1484 1063 vellet,
1515 994 1661 1052 senatum

296 1107 367 1150 eum
393 1087 512 1151 habere
535 1089 676 1172 potuisse
700 1110 772 1153 cum
790 1090 885 1154 vellet
908 1097 939 1154 et
955 1110 993 1152 ne
1009 1090 1151 1172 legitima
1168 1090 1297 1173 quidem
1312 1090 1468 1156 edictione
1484 1092 1659 1161 observata,

295 1190 326 1252 in
349 1191 591 1274 magistratibus
608 1193 752 1256 creandis
768 1213 884 1270 eorum,
911 1214 989 1277 quos
1006 1195 1190 1276 suffragium
1208 1195 1382 1259 ferentibus
1400 1197 1563 1276 Augustus
1579 1215 1660 1258 com-

294 1294 487 1371 mendasset,
512 1303 601 1360 extra
623 1297 764 1360 ordinem
780 1298 934 1362 rationem
950 1297 1092 1363 habitam
1109 1319 1177 1362 esse
1193 1297 1270 1373 iure,
1295 1298 1431 1380 denique
1452 1298 1501 1361 ius
1525 1307 1660 1383 potesta·

294 1408 423 1480 temque
439 1398 469 1462 ei
490 1399 589 1462 fuisse
611 1419 701 1480 agere
725 1401 826 1464 lacere
851 1421 1058 1484 quaecunque
1081 1401 1263 1466 divinarum
1286 1403 1496 1467 humanarum
1518 1404 1660 1487 publica-

294 1521 360 1564 rurn
386 1502 649 1588 privatarumque
672 1523 776 1567 rerum
801 1525 838 1566 ex
862 1525 922 1568 usu
946 1505 992 1568 rei
1019 1505 1166 1590 publicae
1191 1524 1259 1569 esse
1282 1505 1472 1584 censuisset,
1503 1507 1585 1589 quod
1609 1506 1659 1570 ius

293 1612 364 1688 apte
390 1605 590 1670 concluditur
613 1605 795 1671 definitione
820 1607 939 1672 Gaiana
963 1609 1008 1692 (1,
1026 1609 1062 1692 5)
1086 1629 1253 1691 numquam
1275 1611 1450 1673 dubitatum
1474 1631 1555 1686 ease,
1583 1615 1659 1691 qaia

292 1711 325 1770 id
345 1711 433 1789 qaod
455 1713 630 1790 imperator
653 1714 777 1775 decreto
800 1716 849 1774 acl
865 1715 968 1776 edicto
984 1715 1034 1776 ael
1049 1716 1189 1794 epistula
1206 1718 1435 1789 constituisset,
1462 1718 1542 1796 lepis
1558 1718 1657 1777 uicem

292 1813 460 1876 obtineret.
477 1808 480 1816 ’
497 1813 662 1878 Eiusmodi
686 1815 863 1900 imperium,
889 1837 946 1880 nec
970 1837 1002 1880 re
1025 1837 1084 1880 nec
1106 1823 1247 1900 tempore
1264 1837 1321 1880 nec
1336 1817 1403 1882 loco
1418 1819 1544 1881 linitum
1560 1825 1592 1880 et
1606 1839 1657 1880 ex-

292 1917 539 1981 traordinarium
563 1917 612 1981 vel
636 1919 784 1995 maxime,
809 1919 909 1982 nihilo
931 1919 1047 1996 minus,
1072 1920 1191 2004 opinor,
1217 1920 1411 2004 applicatum
1427 1921 1657 2004 quodammodo

292 2019 328 2083 ad
352 2022 492 2106 imperia
514 2022 673 2086 ordinaria
696 2025 838 2105 Augusto
867 2024 1018 2087 mandata
1046 2025 1114 2088 iure
1138 2025 1177 2088 ab
1203 2025 1268 2088 illis
1293 2026 1452 2109 pependit.
1498 2025 1655 2088 Nimirum

291 2125 455 2206 Augustus
478 2149 541 2190 non
569 2127 670 2218 solum
695 2126 818 2208 legibus
843 2127 1023 2192 solvebatur
1047 2128 1165 2210 quibus
1188 2149 1267 2212 opus
1291 2129 1368 2202 ruit,
1400 2128 1537 2212 exempli
1561 2149 1656 2191 causa

292 2228 415 2309 quando
441 2229 471 2292 ei
495 2229 569 2294 data
591 2239 639 2294 est
663 2231 894 2314 proconsularis
918 2237 1057 2316 potestas
1080 2233 1115 2295 in
1138 2233 1232 2296 certis
1257 2232 1450 2315 quibusdam
1473 2233 1654 2316 provinciis,

291 2331 355 2412 lega
380 2353 429 2410 ea,
455 2353 495 2396 ne
519 2335 687 2418 proconsul
712 2335 745 2398 iu
769 2335 847 2399 urbe
870 2341 1045 2399 moraretur
1067 2357 1147 2400 neve
1174 2344 1263 2400 extra
1285 2337 1480 2420 provinciam
1503 2336 1655 2400 constitu-

290 2442 339 2499 tus
361 2437 544 2521 provinciae
568 2448 737 2522 praeesset,
763 2439 840 2504 item
864 2439 989 2534 quanda
1013 2440 1217 2504 tribuniciam
1242 2447 1432 2526 potestatem
1451 2440 1581 2523 accepit,
1606 2459 1653 2515 aa,

291 2561 328 2602 ne
350 2542 505 2624 patricius
530 2541 622 2606 homo
646 2543 681 2606 iu
705 2543 857 2607 subsellio
880 2545 1051 2610 tribunicio
1075 2545 1261 2620 consideret,
1286 2546 1341 2609 sed
1367 2545 1415 2608 vel
1439 2552 1507 2640 tum
1524 2542 1574 2606 vel
1592 2543 1655 2605 alia

295 2645 453 2708 occasione
477 2645 573 2708 simul
598 2645 637 2708 ad
654 2647 805 2730 populum
824 2647 923 2711 latum
941 2655 997 2724 est,
1022 2656 1059 2712 ut
1072 2649 1124 2712 ius
1140 2649 1169 2711 ei
1186 2655 1269 2712 esset
1284 2649 1371 2733 pacis
1389 2647 1537 2730 bellique,
1562 2646 1652 2710 cuius

290 2749 481 2812 mentionem
506 2749 582 2813 facit
605 2749 728 2826 Strabo,
758 2759 789 2814 et
811 2750 998 2834 privilegiis,
1024 2771 1105 2833 quaa
1129 2773 1226 2836 snpra
1249 2773 1286 2815 cx
1311 2754 1380 2834 lege
1403 2751 1442 2815 de
1458 2751 1652 2834 Vespasiano

289 2851 463 2927 attulimus,
494 2851 630 2936 aliisque
657 2853 816 2918 similibus
839 2859 990 2918 uteretur.
1037 2855 1139 2931 Quare
1154 2864 1235 2917 'cum
1259 2854 1337 2918 dicit
1358 2857 1522 2935 Augustus
1547 2860 1649 2916 extra-

289 2955 481 3021 ordinarium
508 2957 560 3021 ius
588 2978 622 3021 se
651 2958 802 3021 habuisse
827 2957 1044 3034 triumvirum,
1075 2963 1185 3042 postea
1212 2957 1371 3022 ordinario
1400 2957 1469 3019 iure
1493 2974 1526 3018 se
1553 2976 1648 3019 usum

290 3077 362 3136 esse,
386 3060 449 3125 hoc
472 3060 638 3139 intellexit,
663 3061 835 3147 posteriore
858 3067 998 3147 tempore
1013 3062 1135 3125 nullam
1151 3061 1215 3126 iarn
1231 3068 1419 3146 potestatem
1436 3082 1470 3125 se
1486 3059 1647 3135 habuisse,

289 3181 362 3243 quae
386 3184 449 3227 sua
471 3166 503 3228 vi
527 3172 559 3229 et
581 3172 694 3229 natura
709 3164 957 3230 extraordinaria
972 3172 1073 3244 esset3
1097 3186 1159 3230 nan
1175 3174 1270 3248 negat
1291 3172 1463 3250 potestates
1480 3164 1542 3227 sibi
1559 3184 1648 3227 man·
1721 3229 1725 3235 ,

289 3263 369 3330 datas
393 3267 524 3331 nomine
549 3267 724 3333 ordinarias
747 3269 793 3332 ita
815 3269 951 3333 crevisse
983 3267 1136 3333 clausulis
1160 3268 1307 3345 adiectis,
1338 3276 1373 3333 ut
1396 3268 1571 3351 legitimam
1594 3288 1648 3352 po-

286 3374 429 3434 testatem
461 3371 591 3436 haberet
619 3372 751 3455 reliquis
782 3373 1021 3455 magistratibus
1052 3373 1179 3436 omnino
1211 3374 1361 3437 maiorem
1392 3379 1423 3436 et
1446 3393 1465 3435 a
1492 3377 1647 3455 potestate

287 3472 474 3557 taiumvirali
498 3496 532 3539 ec
563 3483 687 3540 tanturn
717 3476 892 3557 diversam,
926 3478 1010 3560 quod
1034 3476 1103 3540 sine
1126 3479 1252 3541 nomine
1277 3483 1369 3541 esset.
1416 3476 1516 3560 ldque
1539 3476 1646 3560 ipsum

287 3577 389 3659 opinor
425 3578 503 3643 alibi
527 3580 778 3663 (Gr.3,19sq.)
803 3580 993 3662 significavit
1019 3580 1134 3644 iisdem
1158 3582 1238 3656 iere,
1270 3582 1387 3663 quibus
1410 3581 1540 3644 Tacitus
1569 3600 1646 3643 usus

286 3688 343 3757 est,
382 3682 507 3759 verbiS,
544 3684 714 3767 posteriore
745 3692 884 3769 ternpore
914 3683 942 3747 si
976 3704 1040 3766 qua
1076 3690 1164 3747 extra
1193 3684 1335 3747 ordinem
1365 3683 1427 3746 sibi
1455 3682 1646 3767 perficienda

286 3794 395 3863 essent,
423 3806 460 3849 ea
484 3788 640 3870 peregisse
664 3809 697 3851 se
714 3809 772 3871 cpe
787 3786 975 3851 tribuniciae
993 3786 1168 3869 potestatis
1193 3807 1288 3868 quam
1305 3788 1400 3849 etiam
1417 3807 1514 3870 supra
1529 3786 1574 3868 (p.
1585 3786 1642 3867 28)

285 3887 420 3953 vidimus
444 3890 561 3954 abolito
584 3890 786 3955 triumviratu
810 3891 917 3955 statim
941 3891 973 3953 in
998 3911 1069 3955 eum
1093 3889 1240 3953 collatam
1264 3898 1343 3954 esse‘.

390 3994 439 4055 De
463 3995 597 4075 Augusti
621 3994 746 4058 nomine
771 3995 895 4058 Caesari
921 3994 1067 4077 imposito
1091 4013 1119 4055 a.
1138 3994 1200 4057 tat
1225 3994 1291 4056 Ian.
1311 3994 1350 4056 16
1375 3991 1417 4068 (is
1440 3991 1525 4055 enim
1548 4012 1640 4054 verus

287 4094 348 4159 dies
372 4096 501 4160 videtur
525 4099 609 4180 esse)
639 4098 705 4161 dixi
727 4100 762 4162 in
786 4100 819 4162 C.
836 4099 861 4161 l.
879 4098 911 4161 t.
937 4098 1030 4161 vall
1054 4118 1085 4181 p.
1102 4097 1178 4161 384.
1231 4098 1340 4179 Agunt
1370 4096 1408 4158 de
1439 4115 1475 4158 ea
1503 4094 1640 4157 nominis

286 4200 457 4264 mutatione
481 4209 605 4285 praeter
627 4201 710 4265 locos
735 4202 825 4265 modo
857 4202 971 4265 relatos
1000 4203 1153 4265 fastorum
1177 4201 1452 4265 Praenestinorum
1482 4207 1513 4263 et
1535 4197 1640 4262 Ovidii

287 4301 392 4367 feriale
417 4304 611 4381 Cumanum
642 4306 751 4368 Livius
775 4306 921 4388 ep.134;
955 4304 1159 4368 Cassiodorus
1183 4304 1289 4369 chron.
1314 4303 1354 4367 ad
1377 4325 1404 4368 a.
1422 4304 1500 4379 7273
1527 4302 1638 4365 Florus

286 4412 375 4485 extr.;
416 4406 503 4471 Oros.
528 4411 557 4485 6,
573 4410 628 4486 203
655 4410 794 4472 Velleius
819 4410 919 4487 2913
950 4408 1120 4472 Suetonius
1142 4410 1224 4491 Aug.
1249 4413 1283 4487 73
1314 4408 1504 4470 Censorinus
1527 4406 1566 4469 de
1587 4405 1638 4468 die

285 4517 344 4571 nat.
370 4512 423 4585 21,
442 4513 476 4587 8;
504 4513 562 4576 Dio
586 4514 637 4588 53,
659 4514 708 4576 16.

391 4614 557 4678 Praeterea
577 4615 694 4679 laureis
716 4616 840 4679 corollis
861 4622 966 4699 postes
983 4616 1095 4679 doinus
1113 4615 1255 4678 Caesaris
1272 4613 1434 4677 Palatinae
1449 4605 1548 4677 uincti
1564 4620 1637 4677 sunt

284 4734 495 4801 suspensaque
524 4720 630 4783 media
656 4719 739 4783 inter
767 4721 890 4784 laureas
919 4720 1049 4783 illasio
1073 4719 1216 4783 eiusdem
1240 4719 1350 4783 domus
1373 4716 1499 4798 fastigio
1522 4699 1637 4781 corona

284 4838 399 4899 querna
421 4823 488 4887 sive
512 4824 619 4888 civica.
660 4825 796 4887 Causam
818 4823 1005 4888 decernendi
1023 4823 1151 4886 Verrius
1180 4823 1213 4884 in
1244 4821 1335 4885 fastis
1359 4820 1572 4883 Praenestinis
1595 4820 1635 4883 ad

284 4922 347 4989 lan.
366 4926 404 4988 13
443 4926 471 4989 si
500 4928 629 5009 quidem
662 4948 734 4991 vere
771 4927 961 5010 significavit
997 4928 1095 4991 fuisse
1133 4926 1365 5011 provinciarum
1392 4924 1634 5001 restitutionem,

285 5026 386 5091 minus
414 5031 538 5114 proprie
567 5052 634 5094 rem
668 5030 849 5114 explicavit.
900 5032 983 5095 Nam
1011 5052 1072 5094 non
1109 5031 1212 5094 solum
1238 5029 1471 5114 provinciarum
1499 5027 1635 5091 redditio

284 5129 382 5197 triduo
406 5133 534 5200 demum
556 5146 665 5220 postea
690 5135 827 5217 perfecta
850 5142 907 5210 est,
936 5136 990 5199 sed
1020 5135 1115 5199 etiam
1143 5154 1193 5197 res
1216 5134 1286 5217 ipsa
1308 5134 1471 5196 confirmat
1493 5131 1526 5193 id
1550 5129 1634 5212 qnod
