4400 6175
790 693 944 746 TlTVLVS
963 693 1178 748 Tttvarntvs

510 1367 565 1431 Dll
589 1363 841 1431 ITERATIONE
865 1365 1136 1431 LEGATIONVM
1160 1365 1461 1431 COROLLARIVM.

905 1504 947 1568 (v.
967 1503 1067 1568 ΡΜ)

414 1619 543 1701 Legatio
566 1618 746 1702 provinciae
777 1618 912 1682 alicuius
944 1639 1137 1701 quamquam
1167 1638 1229 1682 non
1253 1624 1357 1701 potest
1378 1617 1442 1680 dici
1465 1617 1579 1682 iterata
1601 1618 1663 1680 nisi

303 1722 415 1786 eadem
440 1723 603 1806 provincia
627 1722 729 1785 denuo
753 1727 900 1806 suscepta
921 1721 972 1798 sit,
996 1729 1101 1786 tamen
1125 1721 1182 1784 ubi
1204 1720 1368 1805 provincia
1388 1740 1452 1784 uon
1467 1720 1663 1806 exprimitur,

303 1826 430 1890 etiamsi
459 1825 602 1889 diversae
632 1825 697 1889 sint
724 1826 917 1909 provinciae,
945 1825 1069 1889 iteratio
1100 1823 1226 1909 ponitur
1255 1843 1317 1887 non
1339 1825 1457 1908 inepte.
1505 1826 1553 1888 lta
1575 1822 1665 1886 adest

303 1931 335 1994 in
357 1929 454 1992 titulo
471 1928 715 2014 Superaequano
740 1927 850 2012 (Orell.
868 1931 966 2008 31093
996 1929 1020 1992 l.
1036 1929 1075 1995 N.
1093 1929 1194 2006 5471)
1218 1928 1264 1991 sie
1287 1927 1483 1992 emendando
1505 1928 1545 1990 ad
1562 1947 1663 1990 exem-

304 2033 391 2117 plum
422 2052 495 2096 cnm
518 2053 594 2096 cura
622 2053 641 2094 a
669 2032 809 2095 Brunnio
838 2039 1020 2116 exceptum:
1056 2031 1092 2107 O.
1113 2033 1211 2094 Vn'rio
1244 2031 1326 2112 (if.
1353 2031 1480 2094 Gemino
1511 2035 1569 2110 lep.
1601 2031 1665 2093 drot

306 2138 384 2217 Anp.
402 2121 451 2213 ῙῘ,
478 2157 539 2216 pro
564 2137 642 2214 coa,
668 2153 731 2216 pr.‚
756 2143 795 2196 tr.
819 2137 875 2215 pi,
899 2155 942 2216 q„
971 2135 1103 2216 quaesit.
1128 2135 1235 2210 indic,
1257 2134 1364 2216 praes.
1386 2135 1480 2216 frrim.
1505 2137 1611 2214 dona,
1636 2120 1667 2198 X

305 2243 362 2303 nir.
387 2243 442 2305 etl.
460 2241 567 2315 trinta,
593 2241 735 2302 curatori
752 2240 875 2300 oedirim
898 2259 984 2304 socr.
1009 2247 1232 2302 monumentor.
1257 2258 1315 2319 qne
1336 2239 1454 2320 public.
1472 2241 1663 2302 tuendorum.

308 2347 339 2409 lc
371 2345 494 2427 prtinus
524 2345 657 2407 omnium
685 2343 826 2422 Paelipn.
850 2351 981 2406 senator
1013 2343 1122 2423 factas
1157 2351 1206 2405 est
1241 2351 1272 2404 et
1306 2363 1360 2405 eoa
1389 2345 1526 2406 tonores
1554 2346 1665 2424 pessit.

310 2449 547 2529 Superaeqnoni
568 2447 693 2526 publice
713 2455 863 2527 petrono.
911 2444 974 2508 Sed
1000 2451 1072 2530 post
1095 2447 1276 2527 Angustum
1297 2454 1409 2510 notum
1431 2447 1535 2510 estin
1558 2446 1666 2511 ordine

310 2549 461 2614 honorum
484 2548 661 2634 provincias
685 2545 860 2630 legatorum
883 2547 1170 2634 proconsulumque
1192 2569 1262 2613 raro
1286 2549 1399 2613 omitti.

415 2653 584 2718 Praeterea
599 2672 637 2714 ex
652 2651 745 2715 titulo
761 2651 795 2714 P.
810 2651 984 2716 Pactumeii
997 2652 1168 2716 Clementis
1186 2651 1331 2736 (Henzen
1346 2674 1377 2715 n.
1392 2653 1477 2717 6483
1494 2682 1537 2708 --
1552 2653 1667 2716 Renier

308 2777 336 2821 n.
350 2757 462 2841 1812),
493 2756 550 2820 ubi
574 2755 618 2820 sic
642 2760 704 2818 est:
726 2757 873 2836 praetori
896 2756 1031 2836 urbano,
1055 2759 1162 2836 legato
1186 2758 1252 2819 dici
1276 2757 1436 2820 Hadriani
1459 2759 1502 2819 cd
1524 2760 1667 2820 rationes

308 2863 485 2924 ciuitatinm
509 2863 623 2943 Syriae
645 2862 817 2940 putandos,
841 2862 946 2940 legato
971 2862 1108 2922 eiusdem
1131 2863 1166 2923 in
1192 2861 1317 2941 Cilicia,
1341 2863 1464 2923 consuli
1488 2862 1538 2944 (p.
1556 2862 1590 2926 G.
1606 2863 1666 2924 138

307 2964 372 3048 ipso
387 2963 544 3039 nundino,
562 2981 623 3046 qno
639 2961 818 3026 Hadrianus
835 2962 994 3046 excessit),
1013 2965 1118 3043 legato
1134 2965 1168 3026 in
1187 2963 1302 3026 Cilicia
1316 2966 1390 3044 imp.
1406 2965 1559 3026 Antonini
1575 2965 1666 3045 Any„

307 3073 439 3153 apparet
453 3065 643 3149 legationem
656 3065 725 3128 iure
740 3065 824 3130 liniri
840 3071 940 3131 morte
957 3065 1024 3131 eius
1042 3065 1095 3149 qui
1113 3065 1232 3148 legavit
1253 3072 1284 3128 et
1306 3065 1363 3129 ubi
1386 3065 1471 3130 idem
1487 3067 1579 3131 homo
1596 3088 1667 3130 ean-

308 3170 375 3261 dem
400 3170 600 3255 provinciam
623 3168 845 3234 administrare
868 3172 979 3255 pergit,
1003 3191 1066 3234 non
1085 3176 1153 3235 tam
1172 3170 1362 3253 legationem
1380 3171 1556 3234 continuari
1572 3192 1669 3254 quam
1733 3186 1737 3197 “

308 3274 402 3341 aliam
428 3274 511 3357 dari3
537 3274 621 3359 quod
642 3275 690 3338 ita
712 3295 781 3341 esse
806 3272 919 3339 debere
942 3296 1005 3341 non
1027 3276 1176 3359 ignorant
1197 3275 1231 3353 ii,
1257 3274 1312 3357 qui
1335 3274 1412 3357 quid
1427 3274 1471 3339 sit
1484 3274 1670 3339 mandatum

307 3378 477 3464 imperium
497 3378 594 3463 probe
616 3377 806 3443 didicerunt.
846 3378 978 3445 Videtur
999 3388 1105 3445 autem
1122 3381 1267 3445 Clemens
1283 3380 1385 3462 magis
1401 3379 1600 3444 consulatum
1616 3380 1668 3443 ab·

306 3502 376 3547 sens
394 3482 533 3565 gessisse
549 3502 614 3545 una
634 3503 705 3547 cum
722 3482 850 3547 Ciliciae
867 3482 1140 3548 administratione
1157 3504 1255 3567 quam
1277 3488 1404 3568 propter
1419 3502 1492 3549 eum
1514 3483 1669 3566 legatione

306 3586 427 3651 abiisse
451 3590 482 3651 et
504 3604 578 3651 mox
600 3586 688 3651 linito
705 3586 871 3651 consulatu
886 3587 920 3649 in
937 3587 1081 3651 Ciliciam
1096 3587 1240 3663 rediisse,
1265 3606 1461 3671 quamquam
1475 3588 1534 3652 hoo
1549 3588 1670 3672 placuit

305 3690 481 3773 Borghesio
509 3690 612 3775 (Bnll.
636 3692 718 3772 Ncp.
742 3711 843 3755 nnooo
869 3692 899 3767 2,
916 3690 990 3774 35).
1023 3732 1064 3741 -
1094 3690 1248 3756 Similiter
1279 3693 1334 3755 Cn.
1360 3690 1509 3755 Octavius
1531 3691 1669 3754 Titinius

306 3793 420 3879 Capito
443 3793 471 3856 is
496 3794 585 3859 cuius
608 3794 754 3859 meminit
777 3794 900 3859 Plinius
929 3794 963 3857 in
992 3794 1139 3879 epistulis
1170 3796 1290 3877 (1,17.
1317 3794 1440 3877 8,12),
1471 3801 1552 3857 teste
1576 3794 1669 3857 titulo

306 3898 424 3983 (Orelli
441 3899 521 3977 801;
545 3898 751 3963 Kellermann
768 3898 874 3983 vigi)
897 3920 987 3979 proc.
1011 3901 1053 3963 ob
1077 3902 1224 3981 epistolia
1248 3909 1278 3963 et
1294 3919 1315 3963 a
1327 3900 1536 3979 patrimonio,
1559 3900 1671 3959 iterum

304 4004 344 4066 ob
368 4004 521 4084 epistolis
545 4005 611 4067 dici
632 4004 754 4067 Nerone
778 4048 850 4083 ....‚
873 4004 914 4065 ab
939 4004 1064 4084 epistol.
1090 4006 1185 4067 tertio
1209 4006 1282 4083 inp.
1299 4004 1423 4067 Neruae
1441 4002 1572 4065 Caesar.
1593 4002 1670 4063 Tra-

306 4108 374 4170 iani
403 4108 484 4186 Anp.
511 4107 596 4182 Ger„
620 4106 660 4170 ab
685 4104 833 4190 epistulis
855 4105 917 4169 fuit
939 4112 971 4169 et
992 4105 1184 4182 Domitiano,
1216 4105 1307 4169 euius
1331 4126 1445 4171 nomen
1469 4104 1561 4169 solito
1584 4125 1670 4169 more

306 4216 446 4287 tacetur,
477 4212 508 4273 et
530 4208 652 4275 Nervae
675 4216 707 4273 et
730 4210 881 4286 Traiano,
914 4231 1049 4293 cumque
1078 4210 1218 4275 officium
1246 4217 1435 4295 perpetuum
1463 4214 1547 4274 esset
1575 4210 1670 4291 (narn

308 4311 565 4394 procurationem
589 4333 608 4375 a
630 4312 820 4397 patrimonio
843 4334 899 4397 per
923 4312 1052 4395 aliquod
1081 4319 1207 4398 tempus
1237 4335 1309 4379 cum
1332 4315 1432 4380 altera
1454 4297 1671 4397 procuratione

307 4415 437 4479 videtur
453 4414 680 4497 coniunxisse),
697 4414 790 4479 toties
806 4415 837 4479 id
856 4414 967 4479 scribit
983 4436 1015 4479 se
1032 4418 1173 4491 iterasse,
1193 4417 1316 4499 quoties
1333 4417 1508 4501 prinoipem
1523 4422 1669 4481 mutaret.
