4400 6175
966 1273 1029 1346 111.
1079 1271 1236 1393 INDEX
1259 1273 1538 1348 VERBORVM.

925 1570 982 1644 De
1017 1573 1282 1671 orthographia
1312 1574 1577 1647 commentarii.

684 1766 793 1831 Sermo
817 1765 1034 1830 commentarii
1058 1767 1240 1832 commodus
1264 1775 1296 1832 et
1318 1767 1504 1853 perspicuus
1527 1787 1655 1853 prorsus
1679 1767 1837 1832 confirmat
1854 1773 1907 1832 tan

574 1870 658 1956 quud
682 1871 720 1935 de
744 1877 869 1934 auctore
891 1869 1003 1934 scribit
1018 1870 1189 1936 Suetonius
1205 1893 1232 1936 c.
1246 1873 1287 1937 86
1312 1894 1385 1938 eum
1400 1879 1545 1936 secutum
1560 1892 1629 1936 esse
1644 1891 1744 1956 genus
1759 1870 1905 1954 eloquendi

572 1977 700 2061 elegans
722 1982 755 2042 et
775 1981 986 2070 temperatum
1008 1976 1117 2043 uitatis
1141 1977 1369 2043 sententiarum
1392 1977 1521 2062 ineptiis
1545 1983 1639 2060 atque
1663 1975 1864 2042 concinnitate
1883 1985 1907 2038 et

572 2083 775 2168 praecipuam
804 2101 912 2144 curam
943 2079 1072 2144 duxisse
1103 2103 1231 2146 sensum
1261 2082 1360 2147 animi
1389 2101 1486 2164 quam
1514 2080 1714 2166 apertissime
1743 2081 1906 2166 exprimere,

573 2208 669 2271 quam
699 2185 783 2270 quod
812 2185 857 2248 ait
878 2183 993 2248 Fronto
1018 2185 1072 2269 (ad
1097 2185 1214 2250 Verum
1238 2206 1287 2273 ep.
1302 2186 1336 2268 1)
1366 2206 1438 2249 eum
1466 2184 1646 2270 praeditum
1674 2185 1774 2250 fuisse
1800 2185 1907 2266 linguae

572 2293 668 2356 etiam
697 2296 765 2354 tum
800 2289 921 2370 integro
959 2287 1065 2372 lepore
1093 2289 1199 2372 potius
1229 2310 1326 2377 quam
1354 2288 1481 2356 dicendi
1508 2290 1673 2356 ubertate·
1715 2286 1809 2371 -Quod
1835 2286 1907 2350 addit

573 2395 742 2459 Suetonius
755 2394 935 2475 Augustum
950 2412 1054 2474 neque
1069 2393 1319 2477 praepositiones
1335 2391 1470 2460 urbibus
1487 2392 1602 2460 addere
1618 2393 1813 2459 dubitavisse
1823 2410 1907 2474 neque
1986 2408 1987 2421 ¹

572 2497 807 2565 coniunctiones
831 2496 958 2587 saepius
974 2497 1097 2574 iterare,
1123 2517 1231 2562 eorum
1251 2496 1332 2568 illud
1349 2497 1593 2565 commentarius
1611 2497 1839 2582 quodammodo
1852 2515 1910 2560 333-

570 2605 691 2680 firmat,
721 2623 794 2665 oum
821 2619 893 2664 var.
909 2619 938 2664 33
964 2600 1011 2664 ibi
1039 2601 1163 2683 legatur
1189 2611 1369 2682 paroeciam
1397 2623 1468 2665 esee
1496 2605 1539 2668 ad
1567 2605 1718 2683 oppidum
1741 2603 1863 2667 Nabata
1887 2607 1911 2661 et

571 2713 614 2774 ad
642 2709 789 2791 oppidum
819 2705 955 2769 Mariba.
1009 2703 1052 2769 Ut
1081 2705 1232 2790 oppidum
1262 2705 1313 2770 hic
1341 2706 1485 2783 additur,
1515 2706 1562 2770 ita
1591 2705 1684 2771 albis
1713 2725 1791 2780 vra,
1820 2704 1910 2767 Danu·

570 2813 642 2878 vius
670 2831 741 2888 343,
777 2808 894 2873 Τ33313
924 2827 985 2871 333
1012 2829 1075 2872 333
1105 2810 1308 2874 nominantur
1337 2811 1401 2874 3131
1431 2809 1537 2874 311113
1561 2809 1656 2873 fluvio
1687 2809 1756 2873 3133
1783 2807 1909 2875 fluminet

571 2935 764 3002 quamquam
787 2932 850 2976 vra
872 2911 1059 2998 simpliciter
1082 2914 1265 2978 enuntiatur
1285 2914 1424 2978 Rhenus.
1469 2900 1624 2981 Similiter
1652 2913 1686 2980 in
1712 2911 1908 2977 numeralibus

569 3021 604 3088 id
627 3020 711 3106 quod
734 3023 783 3083 est
804 3019 906 3080 millia
928 3023 959 3080 et
982 3016 1110 3081 additur
1133 3023 1165 3081 et
1185 3017 1339 3103 repetitur
1360 3024 1486 3104 praeter
1502 3018 1726 3083 necessitatem
1741 3017 1775 3081 in
1790 3015 1906 3080 talibus:

569 3128 784 3210 quadraqe'ens
814 3132 933 3187 aestum
955 3126 1056 3186 millia
1079 3132 1109 3187 et
1131 3128 1303 3205 3333913313
1325 3128 1391 3188 teta
1413 3127 1515 3188 millia
1537 3125 1588 3209 (v.
1611 3145 1644 3209 p.
1658 3123 1724 3209 22)
1747 3122 1909 3207 pariterque
1987 3107 1988 3118 ¹

570 3231 720 3295 scribitur
741 3248 770 3292 13
786 3246 815 3291 34
839 3230 887 3290 bis
911 3248 977 3291 meo
1000 3230 1124 3292 sumine
1145 3237 1176 3291 et
1199 3233 1323 3291 tertium
1345 3231 1553 3310 nepotts‘met
1575 3230 1711 3297 3333133.
1762 3226 1912 3290 Praeterea

570 3332 685 3399 adnoto
707 3332 771 3415 legi
793 3350 821 3394 13
837 3349 866 3395 50
894 3352 961 3393 cam
983 3350 1062 3411 qao,
1092 3350 1155 3394 non
1178 3351 1330 3413 3333333,
1358 3351 1407 3397 ua
1424 3333 1558 3417 (3133)
1584 3334 1696 3400 3131333
1717 3336 1911 3397 Romanunm

571 3440 680 3520 capita
707 3441 755 3500 131
781 3436 900 3511 millia,
930 3455 1003 3498 cum
1030 3454 1051 3498 u
1068 3453 1097 3498 10
1126 3435 1168 3500 sit
1197 3438 1310 3500 eiciam
1332 3440 1545 3502 Romanorum
1569 3440 1710 3519 capitum
1738 3444 1785 3501 tot
1814 3438 1910 3499 millia.

570 3540 661 3622 Quod
692 3542 806 3606 attinet
834 3540 874 3605 ad
904 3540 1035 3604 nomina
1060 3540 1203 3625 propria,
1234 3548 1366 3627 apparet
1393 3542 1579 3627 splendidae
1606 3541 1738 3624 originis
1764 3540 1912 3603 hominum

568 3647 676 3733 potius
707 3666 802 3729 quam
832 3644 962 3710 nomina
984 3646 1130 3729 usurpari
1160 3647 1354 3729 cognomina,
1387 3647 1496 3730 qualia
1518 3652 1592 3710 sunt
1615 3646 1750 3711 Crassus
1773 3641 1913 3709 Lentulus

569 3750 708 3837 Lepidus
725 3749 894 3815 Marcellus
910 3748 992 3813 Nero
1009 3749 1081 3813 Piso
1098 3749 1227 3816 Silanus
1250 3751 1324 3828 alia,
1349 3761 1458 3816 contra
1481 3770 1549 3814 3333
1572 3750 1605 3815 13
1628 3750 1814 3814 hominibus
1834 3744 1914 3811 33313

568 3858 619 3923 331
641 3855 819 3920 nobilitatis
842 3854 948 3919 minus
972 3854 1175 3939 conspicuae,
1204 3862 1240 3920 ut
1262 3856 1297 3920 in
1319 3856 1469 3921 Antistiis
1492 3854 1671 3930 Veteribus,
1695 3851 1845 3918 Calvisiis
1867 3849 1914 3912 Sa·

568 3962 665 4038 binis,
702 3959 844 4024 03313113
875 3958 985 4034 Gallis,
1014 3958 1131 4025 Laeliis
1154 3960 1275 4037 Balbis,
1311 3960 1466 4025 Lucretiis
1490 3959 1610 4036 Ginnis,
1642 3957 1806 4022 Passionis
1827 3952 1914 4026 Rufis,

569 4062 733 4143 Quintiliis
748 4064 856 4140 Varis,
888 4062 1039 4148 Sulpiciis
1064 4064 1235 4141 Quiriniis,
1259 4063 1380 4147 Valgiis
1403 4064 1502 4128 Rufls.
1550 4062 1724 4128 Consulum
1747 4061 1838 4145 paria
1857 4057 1915 4142 ple-

568 4188 703 4251 rumque
725 4173 885 4251 ponuntur
908 4165 1031 4231 adiecta
1054 4164 1269 4252 copula'more
1284 4168 1465 4245 recentiore,
1490 4165 1587 4231 etiam
1601 4166 1660 4232 ubi
1672 4166 1851 4248 iungrmtur
1864 4160 1916 4224 duo

568 4270 745 4356 gentilicia3
782 4269 938 4335 omittitur
974 4271 1087 4356 copula
1114 4253 1218 4336 tribus
1246 4272 1324 4337 locis
1353 4290 1374 4335 n
1389 4290 1428 4338 33.
1445 4290 1483 4335 33.
1519 4290 1601 4336 1333.
1654 4268 1859 4334 iterationem
1887 4263 1914 4325 in

569 4375 787 4441 consulatibus
815 4375 994 4441 indicandis
1019 4376 1118 4441 semel
1141 4377 1292 4442 omissam
1314 4377 1494 4441 invenimus
1521 4396 1552 4441 ru
1567 4394 1596 4440 aa
1618 4376 1652 4439 in
1668 4374 1719 4439 Τ1.
1732 4373 1855 4438 Nerone
1874 4362 1917 4431 331

569 4480 699 4562 antique
724 4480 769 4563 (v.
786 4479 857 4543 (1.1.
871 4479 905 4544 L.
923 4480 1242 4563 1n.539.615.721)
1265 4480 1316 4545 vel
1341 4480 1550 4563 neglegenter.

678 4582 778 4647 Notae
809 4582 1009 4669 reperiuntur
1037 4584 1103 4647 fere
1132 4582 1250 4647 nullae.
1301 4583 1384 4648 Nam
1412 4583 1481 4647 sola
1509 4580 1715 4667 praenomina
1746 4579 1918 4644 scribuntur

568 4709 625 4773 per
659 4686 752 4753 solita
780 4686 970 4772 conpendia,
1009 4707 1205 4770 quamquam
1241 4686 1291 4751 his
1320 4706 1444 4770 quoque
1480 4686 1637 4751 abstinuit
1664 4685 1802 4769 scriptor
1839 4698 1858 4744 u
1877 4694 1915 4750 et3

568 4797 731 4877 praeterea
753 4812 825 4855 cum
849 4790 913 4854 alia
937 4811 1018 4874 quae
1041 4791 1145 4856 notari
1168 4790 1272 4856 solent
1294 4798 1362 4855 tum
1384 4790 1448 4877 ipsi
1470 4790 1594 4854 numeri
1621 4788 1813 4873 plerumque
1834 4782 1917 4869 plene

568 4894 751 4961 scribuntur
781 4915 838 4958 nec
867 4893 984 4961 adsunt
1005 4894 1069 4959 3131
1097 4916 1154 4979 per
1184 4893 1400 4980 exceptionem
1422 4896 1505 4975 Aua.
1529 4892 1628 4958 semel
1656 4893 1691 4957 in
1719 4891 1785 4955 fine
1815 4901 1915 4952 versus

567 5020 596 5065 u
612 5019 656 5081 aa3
685 4998 856 5085 auitam
878 4999 978 5063 semel
1000 5020 1028 5063 33
1044 5018 1088 5077 2⁷3
1119 5021 1184 5064 333.
1209 4998 1394 5082 quinquies3
1425 5019 1466 5063 ars
1481 4998 1559 5063 item
1575 4995 1764 5082 quinquies3
1789 4989 1915 5069 denique

568 5124 686 5190 paucae
702 5102 858 5187 quaedam
873 5110 965 5167 notae
981 5103 1171 5169 numerales.
1212 5101 1344 5168 Accedit
1358 5105 1519 5185 11331331)
1535 5102 1569 5165 13
1584 5098 1699 5165 1311313
1714 5117 1768 5165 3.3
1785 5099 1914 5160 extremo
