4400 6175
515 719 570 776 ΧΠ

515 894 675 976 integrum
690 895 897 960 Verantiano:
915 893 1174 981 ‘corrumpuntur
1196 897 1281 961 enim
1297 896 1358 982 (ita
1373 896 1516 981 Clusius)
1533 897 1674 981 quotidie
1690 897 1874 966 tabularum

515 995 712 1070 characteres
727 999 903 1065 'lurcarum
924 1000 1065 1068 militum
1087 1001 1271 1078 insolentia,
1295 1001 1483 1087 praesertim
1506 1023 1576 1065 cum
1600 1001 1796 1067 Christianos
1820 1025 1873 1068 eas

515 1102 738 1188 inscriptiones
761 1103 905 1189 excipere
928 1103 1136 1189 conspiciunt,
1161 1105 1245 1188 quod
1269 1105 1355 1169 binis
1378 1101 1444 1169 illis
1465 1105 1627 1170 nobilibus
1644 1105 1807 1171 Germanis
1824 1129 1873 1172 ac·

515 1204 611 1272 cidit!
650 1209 694 1271 At
715 1207 775 1272 hae
797 1225 900 1290 nugae
923 1214 1013 1287 sunt3
1036 1228 1111 1274 nam
1135 1228 1174 1271 ex
1188 1209 1229 1272 iis
1248 1229 1329 1292 quae
1344 1206 1384 1276 de
1400 1207 1543 1293 exemplo
1561 1208 1788 1280 Germanorum
1803 1211 1873 1275 illo-

515 1329 587 1374 rum
611 1309 739 1375 Clusius
762 1311 861 1388 auen,
887 1317 1021 1396 apparet
1043 1332 1097 1376 eos
1119 1331 1182 1376 nou
1205 1311 1345 1398 lapidem
1366 1312 1584 1397 descripsisse,
1613 1309 1670 1377 sed
1691 1315 1874 1399 exemplum

515 1420 548 1477 et
569 1413 676 1498 ipsum
699 1415 968 1498 Busbequianum·
983 1416 1138 1480 obtulisse
1160 1416 1363 1482 leunclavio.
1389 1453 1433 1466 -α
1457 1417 1608 1486 Gruterus
1632 1415 1815 1482 230-233
1839 1419 1873 1486 iu

515 1517 565 1583 ed.
584 1520 782 1604 impressit
802 1520 957 1605 lipsium.
1670 1519 1674 1526 ’
1712 1546 1716 1554 ·

514 1758 516 1763 Ι
604 1671 645 1754 6)
669 1661 852 1738 Leunclavii
879 1669 913 1733 in
942 1624 1107 1755 pandectis
1130 1668 1205 1760 hist,
1229 1671 1321 1739 Ture.
1347 1666 1684 1758 (Francofurtil588)
1707 1673 1810 1758 ptos
1824 1695 1872 1761 sq,

515 1771 592 1838 item
615 1776 897 1885 acceptum‘refe'rt
920 1775 1031 1884 Carolo
1055 1775 1161 1842 Clusio
1187 1775 1217 1876 et
1239 1798 1296 1862 per
1318 1775 1402 1840 huno
1425 1777 1563 1842 Antonio
1578 1775 1738 1842 Verentio.
1864 1827 1868 1835 .

603 1923 644 2007 l)
668 1924 744 1991 eod
766 1925 933 1994 Leideusis
949 1927 1214 1992 -Burmauniaeus
1243 1929 1302 2004 Qu
1336 1927 1420 1992 idem
1450 1928 1634 2012 exemplum
1665 1927 1797 1992 exhibet
1813 1927 1872 1993 ‘ab

515 2029 590 2098 Aet
619 2030 798 2112 Augustino
825 2049 855 2097 r.
883 2052 911 2096 c.
940 2031 1086 2098 nonnihil
1120 2031 1354 2098 instauratum'.
1418 2031 1609 2117 Speoiminis
1643 2031 1711 2096 loco
1740 2033 1875 2118 apposui

514 2131 619 2198 locum
647 2153 686 2198 aa
714 2133 831 2218 pagina
858 2134 977 2218 prima:
1011 2134 1094 2222 ήκω]
1120 2156 1152 2218 q.
1180 2135 1291 2222 [pati]
1321 2137 1361 2200 ll.
1382 2135 1539 2221 [Antonii]
1566 2134 1782 2221 [actionnibus]
1815 2158 1874 2218 op-

511 2255 661 2316 pressam
695 2240 729 2300 ia
758 2241 934 2303 libertatem
967 2243 1148 2318 uindicaui,
1184 2241 1315 2326 [petere]
1348 2244 1484 2306 decretis
1517 2243 1707 2321 honorificis
1733 2245 1875 2306 ordinem

514 2337 670 2422 [summam
690 2342 844 2427 permisi}

627 2499 782 2585 Exempla
810 2501 1038 2586 Busbequiana
1064 2523 1215 2568 versuum
1244 2503 1386 2568 ordinem
1414 2523 1478 2567 non
1507 2502 1645 2568 retinent
1675 2502 1760 2588 (nisi
1789 2503 1874 2586 qued

515 2602 646 2668 Belsum
667 2604 702 2668 in
725 2605 841 2689 pagina
862 2606 957 2672 tertia
977 2627 1090 2670 versus
1113 2606 1299 2671 distinxisse
1315 2606 1409 2670 lineis
1425 2607 1521 2671 rectis
1535 2614 1568 2671 et
1583 2607 1763 2672 subnotatio
1785 2608 1875 2672 docet

514 2713 547 2772 et
569 2728 649 2789 quas
671 2729 710 2772 ex
732 2709 828 2774 lineis
849 2710 915 2774 illis
938 2710 1118 2793 relinquere
1140 2710 1261 2795 placuit
1281 2708 1427 2795 librario)
1451 2709 1663 2794 videnturque
1685 2711 1873 2776 minusculis

515 2821 647 2896 excepta
668 2833 755 2892 assc;
779 2822 863 2878 certe
885 2815 1000 2878 Belsus
1019 2813 1121 2892 ‘acta
1145 2813 1260 2898 inquit,
1287 2819 1391 2882 omnic
1415 2818 1492 2879 laec
1513 2820 1668 2896 utrimque
1689 2819 1873 2883 mastrucatis

513 2917 616 2996 [aisse
638 2928 776 2982 exarata
799 2922 917 2983 titteris
940 2930 973 2983 at
992 2922 1106 3002 ubique
1127 2924 1288 3002 praestatis
1311 2923 1492 2986 intersertis
1512 2928 1591 3001 post
1612 2921 1721 2984 verbe.
1759 2939 1873 2986 oeerc

513 3021 627 3103 abique
652 3043 776 3104 porca,
806 3022 828 3092 T
851 3033 953 3089 cutem
974 3027 1089 3109 abique
1118 3045 1235 3107 macac
1261 3024 1376 3110 fcere?¹
1422 3024 1471 3091 Ex
1502 3023 1601 3089 simili
1629 3031 1703 3089 nota
1732 3024 1874 3111 procedit

514 3123 598 3210 quod
621 3126 654 3189 in
677 3128 820 3212 exemplo
840 3125 989 3192 Clusiano
1013 3128 1160 3195 litterae
1185 3149 1309 3213 semper
1333 3135 1381 3192 est
1401 3128 1502 3192 forme
1524 3127 1664 3207 minuta,
1687 3128 1700 3201 Ι
1722 3122 1873 3217 perpetuo

514 3228 631 3291 lineam
656 3228 787 3306 excedit,
814 3230 950 3315 denique
973 3230 1098 3295 litterae
1123 3231 1262 3315 capitum
1284 3230 1406 3315 primae
1430 3252 1575 3339 quagque
1599 3228 1787 3297 exhibentur
1809 3254 1874 3297 ma-

513 3330 606 3395 iores.
661 3332 783 3398 Horum
810 3333 1025 3420 exemplorum
1056 3355 1128 3399 cum
1157 3332 1251 3398 hodie
1280 3335 1403 3401 utilitas
1432 3337 1475 3400 sit
1502 3357 1674 3423 perparva,
1710 3336 1875 3401 discedant

514 3440 621 3499 autem
643 3458 831 3523 magnopere
855 3460 873 3503 a
894 3438 1081 3503 melioribus
1105 3445 1214 3523 postea
1235 3438 1343 3517 factis,
1374 3440 1495 3524 placuit
1518 3462 1617 3505 unum
1640 3463 1679 3506 ex
1701 3442 1756 3519 iis,
1787 3440 1872 3527 quod

513 3540 646 3624 reliquis
668 3541 775 3626 paullo
798 3548 938 3628 praestat
961 3543 1022 3626 (ita
1038 3544 1068 3619 3,
1086 3545 1138 3607 29.
1157 3544 1199 3609 30
1223 3543 1326 3608 solum
1346 3565 1419 3610 oum
1433 3544 1582 3609 Belsiano
1599 3551 1704 3609 servat
1719 3545 1875 3610 vocabula

513 3662 685 3712 nuseium
705 3646 939 3729 co'ssvurevs),
970 3646 1092 3711 scilicet
1118 3646 1234 3711 codicis
1250 3646 1504 3712 vindobonensis
1527 3648 1667 3732 primum
1690 3648 1797 3731 (nobis
1819 3651 1873 3729 V),

516 3749 666 3814 hocloco
689 3751 847 3833 integrum
871 3751 1021 3818 exhibere
1044 3751 1169 3816 adiecta
1190 3753 1279 3819 varia
1301 3752 1444 3829 lectione,
1477 3772 1558 3835 quae
1581 3750 1711 3835 quidem
1735 3752 1874 3837 aliquam

515 3852 687 3918 utilitatem
714 3853 856 3932 haberet,
890 3855 1027 3940 exempli
1054 3855 1197 3922 eiusdem
1224 3854 1342 3920 codicis
1363 3856 1450 3922 tertii
1472 3856 1585 3938 (nobis
1609 3856 1662 3940 a),
1695 3856 1874 3939 quodcum

514 3957 625 4022 multis
649 3958 726 4023 loeis
748 3966 867 4045 peccet,
891 3966 998 4023 temen
1020 3959 1072 4024 hic
1095 3958 1163 4022 illic
1187 3965 1218 4023 et
1240 3960 1348 4044 ipsum
1370 3959 1473 4025 solum
1496 3980 1606 4023 verum
1621 3960 1778 4027 servavit.
1813 3961 1871 4024 Re-

515 4058 659 4143 degimus
682 4059 779 4127 idad
803 4062 968 4146 antiquam
992 4083 1141 4127 versuum
1166 4063 1308 4139 formam,
1336 4069 1372 4127 ut
1395 4060 1520 4127 facilius
1544 4070 1786 4153 compararetur.
1833 4064 1871 4127 In

515 4164 635 4228 variam
659 4165 826 4230 lectionem
848 4164 941 4231 infra
957 4162 1150 4255 propositam
1169 4164 1244 4258 inde
1268 4188 1330 4232 non
1352 4166 1448 4232 intuli
1474 4166 1537 4236 nisi
1565 4189 1650 4253 quae,
1669 4170 1761 4234 utilia
1785 4168 1871 4233 vide-

514 4275 632 4335 rentur.
