4400 6175
508 691 585 756 52·
1113 689 1259 755 rur-s

507 864 601 930 licam
619 863 690 928 Gaii
706 868 738 928 ct
752 862 842 928 bucii
858 863 904 950 (4,
920 863 986 946 16).
1022 860 1173 926 Ordinem
1189 862 1222 925 iu
1239 861 1375 946 singulis
1390 868 1517 928 secutus
1540 869 1590 927 est
1604 864 1767 946 Augustus
1788 868 1869 928 tem·

507 969 608 1053 poris,
645 968 727 1032 sicut
748 974 832 1032 recte
856 966 1036 1031 observavit
1059 966 1242 1051 Zumptius,
1268 968 1333 1032 nisi
1356 967 1440 1052 quod
1468 967 1644 1044 interdum,
1673 967 1812 1032 maxime
1833 966 1869 1030 in

380 1153 384 1161 .
506 1079 596 1156 parte
627 1070 767 1136 secunda
788 1071 959 1152 tertiaque,
990 1091 1025 1134 re
1048 1070 1216 1134 coniuncta
1238 1078 1480 1156 componuntur.
1524 1071 1572 1133 De
1595 1070 1730 1152 siugulis
1752 1071 1799 1134 ita
1820 1069 1869 1134 vi·

484 1175 489 1200 ²
508 1174 666 1251 dabimus,
690 1194 730 1238 ne
752 1174 786 1237 in
807 1173 1072 1258 topographorum
1096 1173 1290 1258 provinciam
1313 1174 1524 1238 incurramus.

445 1343 450 1351 ,
621 1280 719 1343 Uaria
741 1287 771 1341 et
795 1282 959 1342 continens
981 1281 1013 1342 ei
1032 1280 1257 1345 Chalcidicam.
1281 1279 1328 1345 of.
1345 1278 1465 1342 Beclrer
1479 1283 1544 1362 top.
1560 1298 1591 1362 p.
1605 1278 1671 1342 330
1682 1299 1730 1361 sq.
1770 1276 1868 1341 Curia

506 1383 590 1447 Iulia
609 1384 693 1446 facta
722 1389 769 1446 est
792 1402 820 1444 a.
834 1382 897 1446 712
921 1390 1001 1446 teste
1024 1382 1124 1447 Dione
1146 1383 1290 1467 (49,19:
1314 1384 1348 1446 τὸ
1372 1383 1584 1468 βουλευτήριον
1607 1383 1642 1445 τὸ
1661 1379 1786 1444 Ἰούλιον
1809 1381 1863 1444 ἀπ’

507 1487 598 1550 αὐτοῦ
620 1486 731 1569 κληθὲν
755 1485 834 1570 παρὰ
857 1493 899 1572 τῷ
922 1488 1046 1572 κομιτίιμ
1071 1487 1277 1574 ὠνομασμένον
1293 1485 1482 1573 ᾠκοδόμουν,
1506 1487 1607 1571 ὥσπερ
1624 1486 1782 1572 ἐψήφιστο,
1807 1485 1867 1549 soi-

506 1591 582 1655 licet
609 1591 733 1664 alli,
761 1611 791 1652 ν.
816 1589 876 1656 Dio
892 1591 946 1666 44,
972 1593 1002 1654 5.
1027 1591 1278 1674 45,17)eique
1302 1611 1394 1667 anno,
1418 1610 1481 1654 non
1504 1589 1679 1666 annalib,
1709 1609 1772 1672 quo
1794 1595 1869 1673 post

506 1694 672 1758 Actiacum
691 1693 887 1778 triumphurn
912 1693 1057 1758 dedicata
1072 1700 1121 1758 est
1140 1694 1215 1778 (Dio
1232 1696 1283 1770 51,
1301 1696 1369 1779 22),
1393 1715 1464 1758 eam
1480 1693 1626 1776 adsignat
1647 1693 1745 1770 locus,
1769 1712 1867 1776 quem

505 1802 593 1860 tenet
614 1797 649 1860 in
670 1803 872 1860 monumento
888 1797 1067 1880 Ancyrano.
1107 1796 1324 1861 Chalcidicum
1347 1803 1454 1861 autem
1476 1797 1604 1861 omnino
1627 1802 1677 1860 est
1690 1795 1785 1860 aedes
1807 1795 1866 1860 Mt

471 1969 472 1972 ,
506 1920 621 1965 nervae
639 1898 846 1977 Chalcidicae,
873 1920 968 1984 quam
990 1900 1049 1964 Dio
1066 1899 1125 1965 l.c.
1152 1921 1216 1965 uua
1238 1921 1310 1964 cum
1334 1901 1422 1964 curia
1444 1901 1621 1964 dedicatam
1645 1919 1715 1965 esse
1737 1899 1865 1964 scribit:

505 2003 539 2068 ad
563 2028 596 2068 τε
607 2002 764 2086 Ἀθήναιον
787 2004 820 2066 τὸ
844 2002 1009 2086 (sioVon.,
1032 2005 1083 2068 καὶ
1098 2004 1131 2068 τὸ
1155 2003 1245 2069 codd.
1261 2003 1423 2088 vulgaros)
1445 2002 1627 2069 Χαλκιδικὸν
1651 2003 1864 2088 ὠνομασμένον

504 2107 611 2170 καὶτὸ
637 2108 847 2193 βουλευτήριον
871 2108 905 2170 τὸ
924 2105 1076 2171 Ἴουλίειον
1101 2110 1134 2172 τὸ
1158 2109 1207 2171 ἐπὶ
1228 2115 1266 2192 τῇ
1287 2109 1471 2194 τοῦπατρὸς
1494 2107 1586 2172 αὐτοῦ
1607 2116 1678 2193 τιμῇ
1701 2104 1862 2191 γενόμενον

505 2209 703 2294 καθιέρωσεν,
727 2229 784 2272 uec
808 2215 884 2293 puto
908 2209 947 2274 de
970 2231 1007 2274 ea
1030 2232 1063 2274 re
1085 2231 1240 2295 umquam
1262 2211 1463 2276 dubitassent
1485 2210 1547 2275 viri
1569 2212 1662 2288 docti,
1689 2209 1753 2275 nisi
1776 2209 1866 2273 deee-

505 2315 606 2400 pisset
628 2333 679 2376 cos
703 2312 796 2377 lectio
819 2313 929 2378 Dionis
953 2315 1152 2400 interpolata.
1208 2316 1354 2380 Ceterum
1376 2338 1416 2380 ne
1440 2337 1535 2392 erres,
1559 2314 1777 2380 Chalcidicum
1797 2331 1866 2376 mo·

506 2415 648 2481 numenti
670 2417 832 2499 Ancyrani
854 2417 1016 2483 diversum
1037 2425 1086 2483 est
1107 2426 1174 2483 tam
1195 2419 1235 2483 ab
1260 2419 1337 2484 aede
1358 2420 1520 2485 Minervae
1536 2418 1746 2494 Chalcidicae,
1770 2437 1869 2501 quam

506 2520 542 2584 in
560 2538 669 2604 campo
686 2519 798 2583 Martio
815 2520 993 2586 aedificavit
1008 2521 1210 2586 Domitianus
1228 2522 1363 2605 (Becker
1377 2545 1408 2607 p.
1423 2525 1503 2602 6463
1520 2523 1641 2587 Prcller
1655 2543 1718 2605 reg.
1736 2543 1766 2606 p.
1777 2521 1866 2598 178),

506 2644 602 2710 guam
625 2625 664 2688 ab
689 2624 766 2688 aede
781 2625 943 2689 Minervae
967 2625 1006 2689 ad
1030 2627 1135 2690 forum
1158 2645 1256 2711 prope
1280 2627 1445 2692 Castorum
1469 2627 1563 2691 aedes
1585 2629 1670 2690 facta
1692 2626 1732 2689 ab
1755 2623 1869 2688 eodem

504 2727 684 2792 Domitiano
707 2727 842 2812 (Becker
863 2734 927 2813 top.
948 2750 979 2813 p.
993 2729 1075 2807 3553
1098 2729 1220 2793 Prcller
1233 2750 1297 2812 reg.
1314 2751 1346 2814 p.
1356 2732 1433 2815 148)
1457 2738 1594 2814 notaque
1616 2727 1803 2814 praesertim
1826 2747 1868 2790 ex

505 2831 629 2914 legibus
664 2831 703 2896 de
736 2830 863 2897 civitate
891 2831 1049 2896 veteranis
1085 2831 1192 2897 danda
1226 2855 1245 2896 a
1276 2832 1455 2898 Domitiano
1482 2834 1557 2898 iude
1587 2833 1627 2897 ad
1657 2853 1727 2896 eam
1755 2829 1870 2894 aedem

504 2934 674 3020 propositis
706 2935 767 3020 (cl.
788 2936 915 3002 Ballett.
934 2935 1017 3002 1845
1041 2958 1071 3021 p.
1090 2937 1185 3021 121).
1242 2937 1359 3001 Contra
1388 2937 1472 3020 quod
1498 2937 1533 3000 iu
1562 2934 1676 3000 notitia
1702 2935 1791 2999 urbis
1819 2953 1870 2997 re-

506 3039 598 3123 gione
620 3045 731 3104 octava
753 3047 909 3121 senatum,
931 3039 966 3103 id
988 3047 1039 3105 est
1060 3040 1182 3107 auriam
1204 3041 1331 3119 Iuliam,
1355 3042 1560 3126 subsequitur
1575 3044 1692 3108 atrium
1708 3042 1873 3104 llinnuac

504 3144 559 3228 (af.
571 3143 689 3207 Prcller
702 3162 765 3224 reg.
778 3164 809 3227 p.
820 3144 893 3210 143.
908 3144 997 3227 149),
1013 3143 1122 3228 ipsum
1137 3144 1284 3210 existimo
1300 3167 1369 3210 esse
1384 3146 1581 3211 monumenti
1596 3144 1758 3229 Ancyrani
1773 3142 1871 3207 Chal-

504 3245 643 3310 eidicum
666 3244 930 3329 confirmaturque
953 3246 998 3309 ita
1021 3246 1134 3325 denuo,
1160 3269 1223 3331 qua
1245 3249 1285 3312 de
1307 3272 1341 3314 re
1363 3250 1457 3313 hodie
1479 3251 1544 3314 iere
1566 3250 1722 3325 convenit,
1745 3246 1873 3311 curiam

504 3356 578 3435 post
592 3352 770 3431 Augustum
794 3347 905 3413 eodem
928 3370 1052 3436 semper
1074 3350 1142 3415 loco
1165 3355 1331 3416 mansisse.
1366 3354 1473 3438 Ipsam
1496 3361 1601 3418 autem
1626 3353 1665 3417 de
1680 3352 1744 3417 situ
1759 3350 1870 3415 curiae

503 3452 745 3517 vexatissimam
763 3452 993 3535 quaestionem,
1018 3455 1057 3519 de
1074 3475 1136 3540 quo
1152 3463 1331 3541 postremus
1347 3457 1495 3542 exposuit
1509 3458 1671 3523 Detlefsen
1694 3456 1742 3540 (in
1758 3454 1868 3519 annal.

503 3554 578 3620 inst.
602 3555 757 3622 arabaeol.
780 3556 842 3620 vol.
857 3556 899 3621 32
921 3558 1025 3642 p.131
1041 3560 1117 3644 sq.)‚
1142 3581 1245 3644 neque
1268 3582 1319 3625 res
1343 3561 1425 3643 cogit
1447 3568 1484 3626 ut
1502 3560 1644 3627 hocloco
1659 3566 1870 3626 retractemus

505 3680 608 3743 neque
631 3657 717 3743 capit
740 3678 810 3723 eam
831 3659 909 3725 haec
932 3662 1150 3727 commentarii
1174 3664 1314 3747 Augusti
1335 3664 1562 3748 interpretatio.

620 3764 776 3845 Templum
800 3767 962 3847 Apollinis
986 3769 1019 3828 in
1043 3768 1173 3831 Palatio
1205 3790 1273 3832 cam
1299 3771 1488 3851 porticibus.
1534 3750 1870 3853 0113οο1οιμ424.

503 3867 656 3953 Goeptum
677 3873 728 3931 est
750 3873 822 3952 post
844 3868 1010 3934 victoriam
1027 3868 1170 3935 Siculam
1192 3873 1292 3937 a.718
1317 3871 1457 3955 (111049,
1474 3873 1529 3950 15;
1547 3871 1628 3936 Vell.
1642 3873 1672 3948 2,
1686 3873 1754 3956 81),
1777 3871 1871 3936 dedi-

504 3977 610 4035 catum
641 3989 669 4035 a.
683 3971 746 4034 726
777 3970 883 4038 Ocno
914 3973 970 4056 (O.
987 3974 1011 4037 Ι.
1028 3974 1063 4040 L.
1088 3978 1117 4051 1,
1140 3975 1222 4054 4033
1253 3976 1382 4053 111053,
1402 3977 1452 4060 1).
1506 3976 1676 4041 Suetonius
1704 3978 1784 4059 Aug.
1802 3978 1865 4041 29:

506 4075 662 4154 Templum
684 4075 846 4156 Apollinis
869 4079 903 4138 in
926 4096 965 4139 ea
986 4087 1080 4157 parte
1104 4079 1275 4143 Palatinae
1297 4082 1406 4145 domas
1429 4084 1594 4157 cacitacit,
1622 4100 1715 4163 qaam
1735 4082 1870 4161 (alariae

506 4179 602 4240 ictam
625 4178 805 4241 desiderari
834 4200 855 4243 a
885 4181 944 4243 deo
967 4182 1154 4263 haruspices
1181 4189 1450 4265 pronuntiarent;
1478 4186 1606 4249 addidit
1628 4188 1774 4266 perticas
1797 4204 1869 4248 cam

504 4282 695 4344 bibliotheca
709 4281 827 4345 Latina
844 4284 1036 4365 Graecaque.
1077 4285 1225 4352 Ceterum
1247 4288 1324 4351 haec
1347 4288 1441 4351 aedes
1463 4288 1540 4352 licet
1561 4288 1601 4352 ab
1617 4289 1760 4371 Augusto
1778 4288 1868 4351 iacta

504 4384 546 4447 sit
566 4384 601 4447 in
624 4384 691 4449 solo
714 4385 837 4469 privato
860 4386 1085 4469 (o1049,15;
1107 4390 1189 4455 Vell.
1208 4394 1237 4468 2,
1255 4393 1328 4475 81),
1359 4399 1465 4456 tamen
1488 4391 1523 4454 in
1545 4391 1604 4455 hoc
1627 4391 1736 4455 ordine
1758 4390 1864 4474 magis

503 4508 599 4571 quam
620 4487 656 4552 in
677 4489 770 4553 tertio
793 4489 896 4575 posita
918 4497 975 4568 est,
1001 4492 1085 4575 quod
1108 4514 1164 4579 pro
1188 4515 1224 4560 eo
1246 4496 1314 4561 1οοο
1338 4516 1376 4559 ex
1399 4495 1523 4580 privato
1544 4495 1627 4559 facto
1649 4495 1777 4579 publico
1792 4515 1865 4579 per-

502 4590 677 4655 mutatione
704 4593 842 4676 quadam
865 4594 981 4658 Caesar
1010 4595 1116 4661 locum
1144 4598 1309 4682 publicum
1332 4600 1469 4684 accepit,
1499 4597 1555 4662 ubi
1579 4598 1708 4663 domum
1730 4598 1793 4661 sibi
1814 4599 1867 4661 ia-

504 4699 587 4757 ceret
611 4694 686 4777 (Dio
702 4696 724 4757 l.
740 4696 793 4780 a).
832 4698 927 4761 Recte
951 4704 1058 4764 autem
1080 4701 1116 4763 ni
1130 4702 1224 4766 fallor
1246 4702 1287 4767 ad
1302 4702 1384 4767 hanc
1399 4703 1509 4767 aedem
1525 4702 1724 4787 potissimum
1739 4702 1869 4768 rettulit

501 4796 671 4860 Eclrhelius
685 4798 731 4881 (6,
745 4799 796 4862 85.
811 4799 868 4883 93)
880 4822 1026 4866 nummos
1041 4801 1210 4887 plerosque
1222 4807 1359 4889 Augusti
1370 4806 1554 4891 Apollinem
1565 4806 1763 4890 Dianamque
1778 4806 1864 4871 cele-

502 4900 629 4963 brantes
651 4905 682 4962 et
710 4920 783 4965 cum
804 4903 957 4967 memoria
981 4905 1183 4971 victoriarum
1205 4908 1438 4973 maritimarum
1459 4916 1492 4973 et
1514 4908 1641 4975 Siculae
1661 4915 1694 4975 et
1711 4910 1866 4975 Actiacae

501 5002 699 5079 coniunctam
725 5008 894 5088 utramque
910 5007 995 5073 enim
1012 5008 1158 5094 Apollini
1174 5010 1290 5077 debere
1305 5014 1407 5079 voluit
1421 5014 1602 5098 imperator.
1635 5013 1757 5078 Horum
1770 5036 1866 5079 uum·

499 5124 622 5169 morum
646 5103 775 5187 quidam
797 5117 976 5194 proponunt
997 5112 1103 5197 ipsam
1126 5114 1247 5180 aedem.
