4400 6175
895 732 931 796 ΙΙ,
946 731 1064 786 18—21
1225 759 1245 782 ο
1615 731 1656 796 27

293 906 424 972 minora
446 903 603 988 quaedam
625 911 791 972 remanent
805 904 913 971 dubia.
953 905 1095 972 Primum
1110 904 1218 972 verbis
1234 905 1362 970 Graecis
1379 906 1414 970 ix
1430 911 1482 989 τῆς
1497 908 1659 992 σοναρχίας

294 1013 357 1072 τῶν
382 1010 532 1094 τεσσάρων
557 1008 661 1094 ἱερέων
684 1009 768 1076 mele
791 1008 966 1076 redduntur
983 1009 1094 1074 Latina
1117 1011 1254 1092 coiiepia
1273 1020 1425 1091 quartuor
1439 1013 1659 1086 sacerdotem

295 1113 424 1178 scilicet
444 1111 600 1200 interpres
623 1122 775 1195 quattuor
796 1112 902 1176 iunxit
923 1131 985 1176 non
1009 1133 1081 1178 oum
1097 1111 1249 1195 collegiis,
1273 1113 1329 1178 sed
1346 1135 1417 1178 cum
1433 1114 1658 1193 sacerdotibus,

293 1237 466 1302 perperam
481 1216 618 1282 omnino.
647 1215 769 1280 Deinde
784 1215 819 1281 in
831 1215 953 1280 Latinis
970 1236 1050 1299 quae
1067 1216 1246 1304 supplenda
1261 1237 1329 1282 esso
1343 1217 1462 1283 Graeca
1476 1217 1658 1295 docuerunt,

293 1319 405 1406 spatia
426 1340 477 1384 vv.
497 1321 546 1386 17.
567 1319 607 1384 18
631 1336 693 1384 non
718 1319 796 1386 satis
818 1318 962 1404 implent.
1017 1319 1162 1403 Denique
1185 1319 1270 1402 quod
1293 1320 1409 1402 legitur
1430 1327 1510 1385 teste
1532 1321 1659 1387 Perroto

294 1424 381 1500 solo⁴
398 1445 428 1490 v.
452 1425 491 1488 16
519 1429 597 1489 extr.
622 1442 712 1500 uva,
744 1422 799 1487 vix
822 1429 905 1488 recte
933 1443 966 1488 se
994 1423 1104 1488 habet:
1134 1444 1262 1508 prorsus
1286 1423 1421 1489 absurde
1441 1424 1523 1489 enirn
1545 1425 1660 1492 Caesar

293 1532 444 1592 narraret
464 1526 557 1592 ludos
579 1546 636 1610 pro
661 1525 841 1592 valetudine
864 1546 922 1590 sua
945 1547 1041 1612 saepe
1064 1528 1164 1594 iactos
1187 1549 1257 1592 osee
1279 1549 1315 1592 re
1337 1513 1421 1608 cieo,
1450 1528 1543 1611 quasi
1564 1528 1658 1595 otiam

294 1636 528 1716 postmortem
552 1629 729 1696 continuari
751 1630 938 1714 potuissent.

306 2087 514 2169 aar.2,1a1s
547 2085 726 2173 [Privatim
749 2086 845 2152 etiam
875 2095 908 2152 et
936 2086 1179 2174 municipatum
1201 2088 1364 2174 univeriri
1387 2093 1472 2153 cicer
1495 2092 1658 2168 sacrifica·

482 2218 512 2263 ao
544 2208 655 2264 oeraat
672 2197 828 2284 contineo]
843 2197 932 2283 apud
946 2199 1055 2264 omnia
1069 2198 1253 2284 pulvinaria
1269 2221 1329 2286 pro
1343 2201 1540 2286 valet[tadiae
1555 2201 1643 2286 raca].

325 2311 511 2392 oa.5,1314
544 2308 605 2376 Καὶ
627 2309 692 2375 κατ’
713 2311 786 2376 ἰδίαν
811 2311 845 2375 δὲ
868 2311 919 2376 καὶ
942 2315 948 2384 Ι
971 2311 1048 2375 κατὰ
1069 2310 1173 2381 πόλεις
1196 2313 1359 2382 ούνπαντες
1380 2314 1409 2374 oi
1431 2315 1565 2376 πολεῖται
1590 2315 1658 2398 ipo·

483 2439 510 2484 15
542 2419 695 2508 θυμαὶδῷν
720 2421 865 2508 συνε]χῶς
888 2420 1000 2487 ἔθυσαν
1025 2423 1099 2508 ὑπὲρ
1122 2427 1176 2508 τῆς
1200 2424 1276 2509 ἐμῆς
1299 2424 1470 2509 σωτηρίοςΙ.

291 2533 358 2596 Pro
385 2549 618 2600 uvurolruuau
643 2531 710 2619 (sio
739 2533 836 2612 Porr„
888 2552 1171 2602 uvruonrl..··u
1198 2534 1285 2612 Luc,
1330 2553 1467 2602 s....u
1495 2535 1660 2621 Mordtm.)

292 2636 427 2700 omnino
460 2635 630 2717 legendum
666 2636 840 2703 secundum
871 2639 989 2703 Graeca
1013 2657 1245 2706 uvmorrnrru.
1303 2639 1355 2703 Ad
1381 2656 1448 2702 rem
1477 2638 1549 2703 vide
1579 2660 1660 2723 quae

294 2746 411 2804 narrat
439 2739 609 2806 Suetonius
632 2741 713 2824 Aug.
732 2743 785 2819 59,
815 2742 953 2806 maxime
983 2741 1077 2806 haec:
1106 2746 1347 2825 provinciaram
1372 2745 1544 2824 pleraeque
1565 2763 1661 2825 saper

292 2847 416 2927 templa
439 2853 470 2908 et
493 2865 571 2910 arar
596 2847 687 2910 iader
711 2865 831 2928 paoqae
847 2849 1094 2927 quinquennales
1109 2866 1211 2927 paeae
1227 2848 1404 2930 oppidatim
1420 2849 1659 2911 constituerant.

291 2949 345 3014 cf.
362 2948 439 3014 ο.98
463 2953 495 3013 et
508 2947 659 3014 Horatius
676 2969 771 3012 carm.
784 2951 816 3026 4,
830 2947 861 3025 5,
875 2949 914 3012 31
930 2968 977 3032 sq.
1002 2949 1033 3012 et
1055 2947 1116 3013 Dio
1133 2949 1185 3025 51,
1206 2949 1245 3012 19
1270 2955 1302 3012 et
1324 2947 1391 3014 alii.
1429 2949 1494 3014 Neo
1516 2951 1660 3034 neglege·

292 3071 372 3118 mne
391 3071 431 3115 ne
447 3051 505 3116 hoo
522 3049 651 3135 quidem
673 3051 742 3117 loco
765 3050 905 3137 lapidem
920 3051 1004 3117 inira
1021 3051 1155 3117 allatum
1171 3050 1212 3117 ad
1229 3053 1259 3130 3,
1276 3053 1328 3131 35,
1352 3052 1409 3118 ubi
1425 3055 1481 3137 qui
1502 3054 1661 3121 theatrum

293 3156 377 3221 iecit
393 3154 496 3239 Igurii
518 3162 681 3240 praeterea
704 3154 816 3221 scribit
838 3154 963 3221 dedisse
988 3178 1021 3220 se
1046 3156 1169 3225 civibus
1192 3158 1343 3243 pecunias
1367 3178 1439 3222 oum
1454 3157 1487 3222 in
1508 3160 1660 3227 aliatum

294 3265 333 3325 ia
360 3262 451 3325 indos
481 3260 643 3324 Victoriae
668 3261 820 3325 Caesaris
837 3264 985 3343 Aapastr',
1010 3260 1238 3347 comparandos
1261 3282 1313 3327 cos
1337 3283 1410 3327 cum
1425 3262 1509 3328 ludis
1530 3264 1660 3329 urbanis

302 3366 470 3430 Victoriae
496 3364 650 3429 Caesarie
674 3366 741 3429 dici
764 3366 840 3428 latii
864 3364 913 3448 (O.
931 3364 956 3429 1.
974 3364 1007 3429 L.
1033 3364 1049 3429 Ι
1070 3386 1102 3451 p.
1117 3366 1213 3451 397).

871 3852 1026 3922 CAPVT
1055 3854 1091 3920 X

354 4011 421 4057 tar.
435 3994 467 4076 2,
482 4011 510 4059 21
543 3993 671 4079 [Nomen
710 4014 805 4057 meam
839 4003 967 4057 acaciae
1003 3994 1147 4058 contuito
1189 3990 1359 4078 iaossasum
1394 4001 1443 4057 est
1476 3990 1510 4056 in
1546 3995 1660 4060 saliare

548 4126 688 4170 carmen.

336 4217 472 4299 on.5,1e
487 4236 516 4281 17
550 4214 601 4303 iii
625 4214 718 4302 ὄνομά
741 4216 807 4302 μο]υ
831 4218 998 4301 συνκλήτου
1024 4215 1151 4302 δόγματι
1176 4217 1404 4303 ἐνπεριελήὶφθη
1429 4218 1472 4286 εἰς
1497 4218 1584 4304 [τοὺ]ς
1609 4240 1660 4283 oa·

549 4329 619 4392 λίων
644 4329 763 4413 ὕμνους.

296 4439 406 4509 Huius
428 4440 491 4505 loci
513 4438 736 4525 supplementa
751 4438 929 4504 Mariniana
945 4438 1036 4524 (Arv.
1053 4462 1084 4527 p.
1098 4440 1178 4523 596)
1202 4439 1266 4505 iam
1283 4422 1508 4504 confirmantur
1524 4440 1660 4506 Graecis.

296 4544 390 4609 Idem
414 4544 452 4609 dc
468 4546 611 4627 Augusto
633 4546 730 4609 refert
744 4544 804 4608 Dio
821 4545 889 4629 (51,
907 4544 965 4628 20)
989 4542 1029 4607 ad
1054 4566 1080 4607 a.
1096 4544 1170 4620 725,
1195 4543 1355 4608 mentione
1371 4550 1476 4607 tamen
1493 4564 1663 4629 suppressa

297 4646 462 4726 saliorum,
487 4654 633 4712 senatum
656 4646 834 4713 decrevisse
858 4647 890 4716 ἐς
912 4646 982 4716 τοὺς
1004 4646 1115 4731 ὕμνους
1138 4646 1226 4710 αὐτὸν
1249 4647 1279 4718 ἐξ
1296 4645 1361 4709 ἴσου
1377 4652 1437 4716 τοῖς
1459 4649 1540 4717 θεοῖς
1558 4650 1662 4734 ἐγγρά-

297 4754 422 4839 φεσθαι.
470 4750 624 4817 Similiter
654 4750 807 4837 scriptum
835 4751 896 4815 init
925 4751 959 4814 in
989 4756 1118 4815 senatus
1142 4751 1286 4815 consulto
1309 4751 1348 4814 de
1372 4749 1544 4815 honoribus
1566 4752 1663 4817 Drusi

297 4857 446 4941 (Hannon
468 4856 631 4941 n.5381):
657 4861 763 4939 atique
787 4859 930 4923 omnibus
953 4855 1074 4941 [saeris
1099 4856 1291 4919 carminibus
1308 4855 1420 4939 Drusi]
1440 4856 1590 4919 Caesaris
1606 4879 1663 4921 reo-

296 4963 386 5025 miaa
400 4946 625 5047 '[reciieaiar].
677 4959 856 5026 Germanioi
885 4981 1000 5027 nomen
1034 4965 1197 5044 receptum
1226 4979 1296 5023 esse
1324 4958 1360 5023 in
1392 4979 1518 5023 carmen
1549 4959 1663 5023 saliare

298 5064 413 5130 scribit
434 5065 564 5131 Tacitus
580 5064 668 5149 (ann.
690 5064 720 5143 2,
737 5065 794 5145 833
820 5066 858 5131 oi.
875 5066 1005 5133 Hannon
1021 5063 1235 5148 beautron
1257 5062 1318 5129 filii
1340 5063 1382 5131 M.
1399 5062 1554 5127 Antonini
1570 5062 1662 5147 Spar-

296 5170 408 5235 tianus
430 5170 489 5253 (u.
505 5167 622 5235 Antan.
640 5169 711 5253 21).
