4400 6175
542 691 584 756 38
997 767 1000 776 1
1140 691 1304 758 uro-m

543 865 582 930 ob
596 841 673 930 .er
701 865 799 932 etiam
824 866 952 951 plebem
980 865 1221 932 frumentariam
1243 865 1283 930 ab
1306 866 1429 930 urbana
1456 866 1639 929 Romanave
1660 869 1749 949 patet
1769 863 1902 929 minime

543 968 668 1032 differre
691 969 996 1056 (cl.Marquardt3,
1017 972 1045 1047 1,
1062 971 1139 1056 96).
1164 1007 1206 1016 ——
1230 969 1395 1034 Summam
1417 968 1647 1053 quodammodo
1670 968 1785 1053 capitis
1805 969 1903 1034 huius

543 1072 667 1138 rettulit
683 1073 852 1139 Suetonius
868 1075 964 1160 (Aug.
975 1075 1035 1158 41)
1058 1074 1117 1138 ita:
1142 1077 1311 1156 congiaria
1324 1078 1445 1156 populo
1460 1077 1641 1156 frequenter
1663 1075 1760 1154 dedit,
1783 1078 1842 1138 red
1857 1077 1904 1139 di·
2014 1112 2015 1125 .

433 1195 437 1205 ’
543 1197 656 1241 verace
683 1180 752 1260 fere
778 1199 929 1260 summae,
958 1179 1050 1242 modo
1081 1180 1337 1260 quadringenos,
1365 1180 1457 1242 modo
1488 1187 1647 1258 trecenos,
1675 1198 1905 1259 nonnumquam

545 1283 682 1346 ducenos
711 1286 1010 1364 quinquagenosque
1037 1281 1156 1366 (immo
1183 1283 1487 1367 quadragenosque)
1510 1303 1659 1346 nummos.
1710 1281 1906 1364 Chronogra·

544 1385 628 1471 phus
645 1385 783 1468 denique
800 1386 901 1450 a.354
918 1406 990 1449 cnm
1006 1385 1050 1450 ait
1066 1385 1257 1468 deAugusto
1276 1387 1393 1470 (porc
1408 1385 1456 1450 ed.
1470 1386 1589 1470 meae):
1609 1387 1807 1466 conplurium
1818 1388 1906 1450 dedit

545 1499 594 1554 ter
616 1509 799 1567 uocatum,
823 1498 890 1555 tam
912 1489 946 1553 in
969 1489 1200 1573 congiariornm
1222 1510 1353 1555 numero
1377 1497 1462 1554 errat
1484 1511 1580 1572 quam
1602 1490 1636 1554 in
1660 1510 1798 1568 summa3
1827 1510 1904 1554 nam
2014 1512 2015 1523 ¹

544 1613 587 1658 cx
615 1601 684 1660 octo
710 1593 974 1670 liberalitatibus,
1005 1615 1084 1677 quas
1114 1601 1278 1658 enumerat
1306 1595 1376 1680 ipse
1399 1596 1578 1677 Augustus,
1608 1592 1708 1659 missa
1734 1600 1905 1658 testamen-

545 1698 627 1762 taria
648 1703 681 1762 et
702 1698 909 1763 frumentaria
925 1703 956 1761 et
970 1697 1104 1763 militari
1119 1698 1333 1762 numerandae
1349 1705 1439 1762 erant
1453 1697 1604 1780 quinque,
1629 1717 1764 1780 quarum
1779 1717 1905 1762 summa
2014 1768 2015 1777 ¹

545 1801 643 1866 fiebat
672 1815 915 1867 namucum
945 1801 1013 1865 sive
1038 1825 1060 1864 a
1077 1813 1231 1866 ccccxx.
1281 1801 1415 1866 Videtur
1440 1799 1585 1865 laterculi
1608 1807 1715 1864 auctor
1737 1820 1906 1866 connume
2014 1868 2015 1883 ,

546 1925 634 1970 rasse
656 1907 718 1970 tria
740 1906 899 1990 congiaria
918 1905 1099 1970 sestertium
1115 1903 1414 1990 quadringenorum,
1438 1925 1478 1968 er
1499 1904 1623 1969 duobus
1645 1904 1828 1968 sestertium
1851 1904 1905 1969 dn-

549 2028 699 2074 cenorum
728 2017 760 2074 et
783 2009 1054 2094 quadragenorum
1078 2008 1213 2073 alterum
1234 2007 1390 2085 omisisse,
1419 2008 1553 2072 alterum
1575 2027 1648 2072 curn
1671 2007 1821 2074 Suetonio
1842 2030 1907 2074 cre-

547 2111 668 2176 didisse
691 2111 870 2178 sestertium
895 2112 1088 2177 ducenorum
1110 2120 1143 2177 et
1165 2113 1468 2196 quinquagenorum.

656 2215 765 2280 Prima
785 2215 910 2298 largitio
931 2215 1093 2300 pertinens
1116 2215 1158 2279 ad
1180 2219 1281 2281 arlo
1304 2236 1399 2300 saepe
1414 2224 1605 2281 memoratur
1628 2214 1714 2300 apud
1736 2216 1905 2301 scriptores

549 2318 693 2404 (Sueten.
711 2320 800 2382 Caes.
813 2320 870 2398 833
895 2319 1053 2383 Plutarch.
1066 2319 1183 2386 Anton.
1198 2323 1249 2386 16.
1265 2320 1354 2384 Brut.
1369 2321 1426 2398 203
1451 2319 1588 2404 Appian.
1602 2320 1633 2396 2,
1648 2320 1738 2405 143),
1763 2321 1820 2404 qui
1835 2342 1906 2386 curn

548 2427 712 2506 praeterea
734 2422 830 2486 etiam
858 2423 892 2487 in
915 2443 1040 2488 summa
1062 2444 1135 2488 enm
1158 2424 1382 2489 commentario
1409 2425 1468 2487 hoc
1490 2423 1705 2502 consentiant,
1739 2425 1826 2489 solus
1849 2425 1907 2489 Dio
2014 2468 2015 2489 ι

550 2527 603 2603 44,
620 2524 662 2590 35
686 2531 718 2590 et
740 2547 780 2590 ex
801 2545 838 2590 eo
853 2527 991 2591 Zonaras
1006 2529 1056 2604 10,
1071 2529 1112 2592 12
1136 2534 1168 2592 et
1190 2528 1272 2592 hanc
1294 2547 1452 2592 summam
1473 2532 1596 2611 ponunt
1619 2534 1650 2592 et
1672 2534 1798 2592 auctore
1812 2529 1908 2594 citato

550 2629 620 2714 ipso
644 2631 786 2711 Augusto
810 2629 940 2712 alteram
965 2630 1181 2694 sestertiorum
1203 2651 1271 2700 cxx
1295 2632 1349 2716 (cf.
1366 2631 1531 2696 Drumann
1550 2634 1577 2707 l,
1597 2631 1686 2715 101).

662 2731 883 2798 Liberalitates
914 2733 1053 2797 secunda
1081 2740 1114 2797 et
1143 2734 1279 2819 septima
1314 2735 1472 2819 profectae
1506 2755 1545 2798 ex
1573 2734 1730 2800 bellorum
1757 2735 1907 2800 manibiis

552 2836 644 2900 datae
668 2842 743 2900 sunt
764 2843 837 2922 post
859 2837 1056 2922 triumphum
1078 2837 1263 2902 triduanum
1285 2859 1314 2904 a.
1328 2839 1408 2918 7253
1432 2859 1500 2902 rem
1520 2838 1683 2903 confirmat
1704 2838 1764 2902 Dio
1780 2839 1833 2916 51,
1850 2841 1906 2904 21:

550 2941 602 3005 καὶ
623 2944 684 3010 τοῖς
707 2943 898 3027 στρατιώταις
921 2937 1018 3006 ἔδωκέ
1041 2965 1117 3019 τινα,
1140 2949 1183 3028 τῷ
1205 2966 1239 3022 τε
1263 2942 1352 3028 δήμῳ
1374 2941 1444 3006 καθ’
1464 2943 1569 3006 ἑκοτδν
1586 2942 1733 3028 δραχμάς,
1758 2943 1909 3029 προτέροις

552 3045 605 3130 μὲν
629 3049 689 3116 τοῖς
712 3046 744 3115 ἐς
767 3043 875 3131 ἄνδρας
897 3050 1041 3126 τελοῦσιν,
1074 3044 1177 3111 ἔπειτα
1200 3047 1234 3111 δὲ
1256 3049 1308 3111 καὶ
1328 3051 1390 3117 τοῖς
1412 3049 1495 3111 παισὶ
1517 3048 1565 3111 διὰ
1586 3047 1636 3111 τδν
1660 3045 1837 3133 Μάρκελλον
1860 3050 1907 3113 τδν

552 3150 742 3236 ἀδελφιδοῦν,
759 3150 915 3234 διένειμεν.
951 3151 1062 3215 Paullo
1078 3159 1151 3215 ante
1168 3149 1308 3236 (51,’17)
1325 3152 1489 3217 rettulerat
1502 3150 1661 3217 militibus
1677 3152 1733 3234 qui
1748 3173 1821 3216 cnm
1836 3153 1908 3217 Cae-

552 3272 623 3317 sare
650 3259 802 3317 venerant
824 3252 1059 3318 Alexandream
1086 3261 1253 3319 numerata
1280 3277 1350 3319 esse
1377 3256 1468 3319 milia
1496 3275 1662 3319 nummum
1684 3255 1810 3337 singula
1832 3262 1908 3320 tam-

553 3374 651 3438 quam
676 3355 711 3420 in
740 3355 892 3421 solacium
917 3357 1005 3421 urbis
1029 3378 1089 3421 non
1114 3357 1249 3423 traditae
1272 3359 1313 3424 ad
1343 3359 1567 3445 diripiendum.
1620 3360 1667 3423 De
1695 3380 1825 3424 numero
1853 3361 1908 3425 mi-

552 3458 647 3523 litum
671 3480 699 3522 ν.
724 3458 764 3521 ad
787 3459 818 3537 3,
835 3461 888 3525 22.

664 3562 809 3627 Tertium
830 3563 948 3628 donum
971 3566 1004 3629 in
1028 3565 1196 3631 consulatu
1218 3567 1340 3632 decimo
1364 3588 1391 3631 a.
1406 3569 1470 3632 730
1493 3567 1581 3631 dedit
1595 3570 1758 3649 Augustus
1773 3573 1846 3652 post
1861 3568 1909 3631 de-

552 3667 653 3733 victos
676 3668 851 3733 Cantabros
866 3669 999 3737 Romam
1021 3670 1158 3739 rediens.
1203 3672 1251 3737 De
1274 3693 1309 3737 eo
1332 3673 1393 3737 Dio
1408 3673 1460 3749 53,
1478 3673 1519 3736 28
1547 3670 1595 3735 sic
1615 3669 1713 3735 tradit
1733 3672 1910 3753 Augustum

553 3777 623 3836 tum
645 3770 733 3856 plebi
756 3772 902 3839 denarios
927 3779 1074 3839 centenos
1097 3776 1293 3860 promisisse,
1318 3795 1454 3858 cumque
1476 3770 1565 3859 prius
1588 3795 1622 3839 se
1644 3773 1684 3837 de
1704 3793 1740 3838 eo
1756 3773 1909 3857 congiario

554 3874 731 3941 edicturum
754 3881 884 3959 negaret
912 3897 1008 3959 quam
1039 3884 1169 3943 senatus
1196 3880 1418 3964 approbasset,
1448 3884 1593 3943 senatum
1622 3877 1731 3943 statim
1758 3897 1832 3942 eum
1859 3878 1910 3942 ab·

554 3984 676 4045 sentem
699 3980 795 4045 etiam
818 3987 887 4045 tum
910 3979 1035 4063 legibus
1059 3982 1203 4045 solvisse.
1228 3983 1361 4047 Videtur
1384 3982 1481 4065 igitur
1503 3982 1572 4065 lege
1594 3981 1789 4066 prohibitum
1804 3982 1909 4058 fuisse,

554 4084 723 4168 quominus
746 4085 834 4169 plebi
856 4084 979 4149 nummi
1003 4084 1227 4149 dividerentur.

664 4188 712 4252 De
737 4194 850 4271 quarta
871 4188 1063 4253 liberalitate
1085 4190 1292 4253 frumentaria
1314 4189 1387 4253 vide
1411 4210 1492 4273 quae
1517 4189 1662 4254 dicentur
1684 4189 1726 4253 ad
1748 4190 1779 4265 3,
1795 4190 1849 4254 40.

665 4292 819 4369 erintum
847 4291 1041 4374 congiarium
1070 4291 1180 4356 datum
1207 4292 1242 4356 in
1270 4292 1443 4357 tribunicia
1468 4298 1625 4377 potestate
1646 4291 1851 4369 duodecima,
1878 4290 1911 4354 id

556 4404 604 4461 est
625 4397 709 4461 inter
732 4398 772 4461 27
790 4396 859 4460 Ιοο.
876 4398 939 4460 742
963 4402 995 4461 et
1011 4398 1052 4461 26
1068 4396 1139 4462 lun.
1152 4398 1226 4474 743,
1250 4403 1413 4482 praeterea
1428 4401 1690 4462 commemoratur
1704 4396 1808 4461 tribus
1824 4394 1908 4470 locis,

555 4500 590 4563 in
611 4500 702 4565 lastis
723 4499 1067 4585 Ripatransonensibus
1091 4500 1147 4583 (C.
1164 4500 1190 4565 Ι.
1206 4500 1240 4564 L.
1264 4500 1280 4564 Ι
1302 4522 1333 4586 p.
1346 4501 1431 4587 472)
1460 4508 1492 4565 et
1515 4499 1600 4585 apud
1622 4500 1756 4565 Dionem
1779 4506 1811 4563 et
1832 4500 1910 4563 Iose

556 4604 665 4690 phum.
722 4605 809 4670 Fasti
837 4605 887 4668 illi
910 4603 955 4667 sic
978 4604 1012 4668 ni
1034 4604 1127 4679 fallor
1154 4603 1302 4689 explendi
1337 4611 1414 4670 sunt
1442 4603 1550 4690 paullo
1583 4604 1675 4669 aliter
1710 4625 1747 4668 ac
1778 4600 1911 4689 explerit

490 4774 492 4776 ,
557 4708 748 4791 Borghesius
773 4708 838 4772 dec.
856 4710 886 4784 6,
904 4710 923 4772 6
940 4728 1012 4791 opp.
1029 4710 1056 4785 1,
1074 4708 1153 4771 314:
