4400 6175
589 669 630 730 96
1186 673 1347 738 vat-al

588 843 664 908 tulit
686 844 896 928 obtinuitque,
921 851 957 908 ut
979 844 1046 908 filia
1062 845 1281 911 Alexandreae
1304 854 1398 932 capta
1419 848 1482 912 sibi
1496 849 1716 915 restitueretur
1732 851 1806 935 (Dio
1817 854 1865 930 bl,
1877 856 1923 918 16:

589 950 641 1032 τὴν
661 948 809 1034 Ἰωτάπην
842 957 885 1035 τῷ
909 945 1010 1034 Μήδῳ
1033 950 1237 1035 καταφυγόντι
1260 951 1336 1036 μετὰ
1365 952 1418 1036 τὴν
1440 953 1530 1037 ἧτταν
1553 955 1626 1040 πρὸς
1654 954 1741 1018 αὐτὸν
1771 957 1842 1019 ἑκὼν
1867 957 1926 1019 1πέ-

589 1054 694 1132 buna).
724 1054 808 1118 Haec
826 1053 1004 1137 scriptores.
1037 1056 1198 1135 Augustus
1216 1061 1323 1118 autem
1338 1054 1372 1118 in
1390 1057 1613 1122 commentario
1628 1057 1667 1122 de
1683 1059 1782 1123 Medis
1798 1064 1927 1141 quattuor

588 1156 665 1221 locis
689 1157 765 1221 haec
793 1159 903 1222 habet:
934 1157 1071 1241 primum
1103 1161 1278 1240 supplicem
1306 1162 1490 1242 confugisse
1519 1163 1563 1224 ad
1592 1181 1628 1226 se
1656 1183 1761 1244 repam
1787 1165 1927 1227 Medanm
1998 1230 1999 1251 χ

587 1263 789 1326 Artauasden
804 1262 849 1345 (6,
866 1261 915 1346 1);
940 1260 1053 1324 deinde
1078 1264 1240 1326 Medorum
1262 1285 1366 1345 regem
1389 1267 1564 1329 amicitiam
1578 1268 1789 1331 Romanorum
1808 1271 1925 1348 petiisse
1998 1320 1999 1353 ,

588 1366 633 1448 (5,
651 1365 723 1450 53);
754 1373 915 1450 praeterea
937 1367 1046 1430 Medos
1077 1386 1098 1429 a
1121 1387 1156 1430 se
1185 1389 1290 1450 regem
1317 1371 1454 1449 petiisse
1477 1371 1745 1452 Ariobarzanem,
1774 1375 1927 1453 11911111-
1998 1384 1999 1391 ’

588 1473 697 1534 darum
726 1472 918 1534 Artauasdis
945 1473 1059 1551 filiam,
1094 1473 1182 1551 repis
1212 1475 1448 1536 Ariobarzanis
1477 1483 1621 1556 nepotem
1644 1475 1703 1559 (6,
1721 1477 1779 1558 0);
1809 1474 1926 1558 denique

587 1575 766 1636 Armeniam
788 1576 939 1637 maiorem
962 1577 1111 1638 domitam
1135 1596 1193 1656 per
1217 1578 1330 1640 Gaium
1351 1581 1449 1659 filium
1471 1600 1561 1642 suum
1583 1582 1753 1662 regendam
1781 1601 1815 1642 se
1843 1583 1927 1642 tradi
1998 1640 1999 1647 ,

471 1667 474 1672 ’
587 1681 675 1740 disse
697 1680 914 1742 Ariobarzani
943 1681 1029 1760 repis
1055 1681 1216 1743 Medorum
1240 1684 1436 1746 Artauasdis
1464 1685 1533 1764 filio
1562 1694 1592 1746 et
1618 1694 1695 1765 post
1723 1686 1803 1746 eius
1817 1693 1926 1746 mortem

586 1785 654 1862 filiu
678 1784 745 1844 eius
768 1785 945 1846 Artauasdi
969 1783 1018 1867 (5,
1036 1784 1111 1868 29).
1163 1784 1306 1849 Primum
1335 1792 1372 1850 11
1400 1785 1439 1850 11
1469 1787 1596 1851 nomine
1624 1788 1804 1864 rideamne,
1833 1787 1925 1851 Latine

586 1885 734 1949 scribitur
758 1888 958 1950 Artauasdes
982 1888 1034 1971 (6,
1053 1889 1115 1971 11)
1139 1895 1170 1952 et
1192 1892 1393 1953 Artauasdes
1418 1891 1469 1973 (5,
1487 1891 1553 1976 30)
1578 1897 1609 1955 11
1631 1894 1800 1955 Artab...
1822 1892 1868 1973 (5,
1883 1892 1923 1966 29,

586 1989 643 2053 ubi
666 1995 748 2053 certe
776 2011 811 2054 eo
842 1990 1061 2057 1111111111
1088 1991 1180 2055 testis
1208 1991 1293 2055 unici
1318 1992 1476 2078 Perroti),
1506 1994 1621 2058 Graece
1651 2000 1701 2059 est
1727 1993 1925 2080 Ἀρταουάζδης

586 2093 643 2175 (ad
665 2093 780 2171 1115,
799 2096 857 2173 303
882 2095 921 2157 cf.
949 2092 1038 2179 ’Apta
1050 2141 1058 2157 .
1072 2141 1080 2157 .
1094 2119 1152 2179 .ης
1175 2095 1215 2158 11
1231 2095 1298 2159 Lat.
1316 2098 1346 2171 6,
1366 2097 1398 2180 i)
1422 2103 1454 2160 et
1480 2094 1662 2184 Ἀρτάβαζος
1685 2097 1740 2182 (ad
1763 2099 1828 2162 Lat.
1844 2101 1870 2175 5,
1882 2099 1923 2161 29.

586 2199 714 2281 6,11),
746 2219 827 2281 quae
855 2198 1003 2262 vocabuli
1033 2199 1134 2262 torma
1158 2199 1285 2262 Graecis
1308 2199 1455 2264 usitatior
1478 2207 1535 2264 est.
1588 2201 1707 2264 Filium
1737 2200 1924 2266 Artavasden

586 2302 669 2365 hunc
698 2301 797 2366 fuisse
819 2303 902 2384 regis
926 2303 1152 2367 Ariobarzanis
1176 2309 1301 2387 praeter
1323 2305 1505 2386 Augustum
1526 2324 1619 2370 nemo
1642 2305 1784 2370 tradidit.
1827 2306 1924 2368 Rerum

586 2413 689 2470 autem
715 2406 753 2470 de
778 2405 895 2488 quibus
919 2406 1030 2470 scribit
1052 2408 1217 2489 Augustus
1240 2415 1277 2470 11
1299 2407 1442 2472 ordinem
1471 2415 1556 2472 11111
1585 2410 1829 2485 consumamus,
1857 2406 1924 2489 quod

583 2511 685 2594 primo
708 2509 776 2574 loco
800 2510 963 2594 posuimus
988 2530 1058 2574 cum
1084 2530 1181 2594 supra
1204 2510 1297 2574 dictis
1320 2511 1413 2575 facile
1437 2512 1639 2577 conciliatur:
1663 2513 1803 2598 confugit
1824 2511 1924 2576 scilic'et

584 2615 777 2678 Artavasdes
801 2613 912 2679 Medus
935 2634 1000 2676 una
1023 2635 1095 2678 cum
1119 2613 1260 2678 Tiridate
1284 2593 1399 2679 Partho
1423 2614 1463 2678 ad
1487 2617 1667 2698 Augustum
1692 2639 1721 2681 1.
1735 2620 1808 2682 124.
1850 2615 1923 2679 Unde

584 2719 680 2781 etiam
710 2717 898 2802 explicatur,
929 2738 985 2780 cur
1015 2716 1099 2781 Medi
1124 2716 1370 2783 Ariobarzanem
1398 2719 1500 2784 filium
1529 2721 1717 2785 Artavasdis
1748 2722 1787 2785 ad
1813 2740 1923 2803 regnum

584 2821 812 2905 capessendum
835 2821 968 2884 aRoma
991 2841 1149 2885 arcessere
1171 2821 1353 2900 debuerint,-
1378 2823 1500 2893 scilicet
1519 2831 1650 2888 venerat
1664 2825 1692 2888 11
1709 2825 1751 2889 11
1766 2827 1922 2906 Augustum

583 2946 655 2989 cum
678 2929 767 3009 patre
789 2925 966 2988 Artavasde
996 2932 1028 2988 11
1050 2925 1193 2988 Tiridate
1216 2926 1405 2990 Parthorum
1433 2948 1521 3009 rege,
1551 2928 1649 3011 idque
1677 2929 1786 3013 ipsum
1810 2933 1923 2993 testatur

581 3029 641 3094 Dio
665 3030 792 3114 (55,10
816 3050 847 3114 p.
864 3030 928 3095 365
954 3029 1061 3114 Stura)
1087 3030 1337 3096 Ariobarzanem
1355 3030 1500 3097 ‘Medum
1525 3032 1696 3117 quendam'
1726 3033 1766 3098 ad
1788 3033 1922 3097 Romanos

475 3136 481 3151 “
581 3134 707 3199 1111111
731 3156 804 3198 cum
819 3134 969 3197 Tiridate.
1010 3133 1141 3210 Quando
1166 3140 1271 3197 autem
1287 3134 1532 3199 Ariobarzanem
1557 3158 1662 3219 regem
1677 3136 1764 3201 Medi
1786 3134 1921 3221 petierint,

582 3260 655 3303 cum
678 3237 716 3301 de
741 3258 777 3301 ea
799 3259 833 3300 re
857 3236 973 3300 diserte
989 3256 1081 3300 nemo
1097 3243 1261 3321 praeterea
1277 3238 1451 3321 quidquam
1467 3239 1643 3317 tradiderit,
1667 3241 1841 3323 ignoratum
1862 3242 1922 3321 puto

580 3349 687 3405 tamen
712 3347 767 3404 111
787 3340 857 3423 ipso
878 3340 935 3404 illo
958 3342 1051 3422 fugae
1082 3341 1122 3404 ad
1145 3342 1326 3423 Augustum
1349 3349 1489 3428 tempore
1519 3351 1575 3408 aut
1602 3345 1712 3429 paullo
1738 3352 1815 3430 post.
1857 3341 1923 3405 Nan

585 3465 658 3507 cum
681 3443 844 3507 Tiridaten
866 3444 900 3507 in
925 3444 1017 3527 Syria
1038 3451 1108 3509 tum
1131 3445 1293 3510 collocarit
1315 3447 1445 3525 Caesar,
1476 3455 1513 3512 ut
1541 3448 1616 3512 inde
1646 3470 1718 3512 curn
1743 3450 1870 3513 Phraate
1894 3444 1923 3507 dc

580 3568 675 3630 regno
699 3553 817 3611 certare
840 3555 983 3632 pergeret
1007 3550 1059 3633 (p.
1074 3549 1148 3632 91),
1180 3556 1426 3614 consentaneum
1454 3558 1503 3616 est
1524 3552 1635 3616 eodem
1657 3558 1798 3637 tempore
1819 3548 1922 3615 Mediae

582 3652 723 3729 dominc,
756 3652 823 3715 sive
846 3652 994 3724 Artaxias
1018 3652 1188 3716 Armenius
1218 3653 1246 3717 is
1269 3660 1339 3719 turn
1360 3655 1422 3721 fuit
1445 3656 1512 3719 1111
1539 3656 1691 3720 Phraates
1718 3657 1849 3721 Parthus
1870 3653 1923 3717 siue

583 3757 664 3821 alius
681 3757 796 3821 ¹nescio
821 3755 876 3839 qui
899 3756 1044 3821 factionis
1067 3756 1218 3821 Romanis
1242 3757 1408 3836 adversae,
1439 3759 1620 3844 oppositum
1642 3780 1713 3824 esse
1736 3761 1868 3843 aliquem
1886 3775 1922 3818 11

579 3882 651 3943 gem
667 3861 810 3925 Caesaris
834 3860 990 3937 clientem,
1014 3860 1048 3924 id
1072 3868 1121 3925 est
1143 3862 1319 3947 expetitum
1342 3884 1411 3927 esse
1427 3863 1663 3928 Ariobarzanen
1686 3884 1706 3927 a
1729 3864 1848 3928 civibus
1868 3859 1922 3924 suis

579 3966 630 4041 iis,
656 3966 711 4047 qui
737 3971 839 4050 partes
856 3965 1014 4029 Romanas
1038 3970 1254 4047 sequerentur.
1294 3966 1412 4031 Filium
1435 3971 1541 4030 autem
1562 3973 1598 4030 ut
1613 3973 1757 4051 peterent
1770 3987 1825 4052 pro
1839 3970 1920 4051 patre,

581 4070 702 4133 multae
726 4090 838 4134 causae
864 4069 986 4131 efficere
1006 4074 1191 4152 potuerunt:
1216 4075 1305 4154 pater
1320 4070 1424 4155 potuit
1439 4078 1659 4155 praemortuus
1676 4092 1745 4134 csse
1761 4077 1815 4135 111
1827 4085 1921 4154 parurn

583 4172 710 4236 validus
735 4179 789 4236 aut
812 4172 879 4236 suis
904 4172 1069 4235 Caesarive
1094 4193 1208 4236 exosus
1220 4170 1263 4257 ¹⁵).
1317 4173 1437 4238 Firmat
1459 4174 1687 4251 coniecturam,
1717 4195 1813 4258 quam
1833 4191 1922 4236 111111

580 4274 719 4339 Orientis
744 4280 846 4339 status
869 4274 1036 4339 universus
1060 4276 1208 4357 suggerit,
1231 4276 1412 4341 testimonio
1435 4282 1512 4342 satis
1532 4298 1680 4363 expresso
1699 4277 1856 4352 Horatius,
1877 4271 1921 4356 qui

579 4379 625 4443 sic
648 4379 744 4444 habet
766 4380 799 4443 in
824 4378 962 4443 carmine
986 4380 1016 4456 3,
1034 4380 1054 4443 8
1079 4380 1196 4464 scripto
1212 4380 1412 4445 Lachmanno
1434 4381 1539 4445 iudice
1563 4381 1664 4467 (apud
1679 4380 1847 4445 Frankium
1860 4380 1919 4443 fast.

462 4498 468 4525 ⁴
579 4484 651 4547 Hor.
677 4505 707 4568 p.
722 4485 804 4569 240)
828 4504 855 4547 a.
870 4485 950 4548 725:
981 4486 1088 4548 Medus
1113 4488 1248 4564 infestus
1271 4488 1336 4548 sibi
1360 4478 1522 4551 luctuosus
1544 4489 1680 4552 dissidet
1703 4490 1810 4550 armis.
1854 4483 1921 4547 Nam

578 4606 633 4649 cur
660 4587 787 4671 propria
820 4586 967 4651 vocabuli
996 4586 1224 4669 significatione
1258 4588 1388 4652 exclusa
1413 4588 1525 4654 Medus
1554 4589 1729 4675 accipiatur
1755 4589 1793 4653 de
1820 4584 1920 4652 Partho

642 4786 670 4847 *)
690 4788 739 4840 011
759 4790 792 4841 11
810 4788 896 4841 1734
909 4788 962 4854 (54,
977 4790 1003 4851 9)
1017 4789 1096 4842 refert
1108 4789 1256 4858 Augustum
1268 4791 1396 4844 Archelao
1410 4790 1591 4861 Cappadociae
1603 4792 1659 4859 regi
1671 4792 1775 4844 dedisse
1788 4786 1919 4841 Arneniau

577 4876 716 4938 minorem,
741 4872 778 4927 du
801 4873 814 4926 b
832 4870 922 4943 Μῆδος
941 4873 954 4926 b
971 4875 1027 4947 πρὶν
1047 4875 1125 4945 αὐτῆς
1144 4875 1282 4944 βασιλεύων
1305 4873 1441 4948 ἐτεθνήκει.
1481 4877 1523 4930 Ad
1545 4877 1747 4931 Ariobarzanem
1768 4876 1847 4928 filium
1866 4872 1918 4922 haer

578 4962 709 5029 pertinere
727 4977 779 5014 non
797 4965 921 5029 possunt,
946 4967 1058 5029 possunt
1076 4964 1110 5015 ad
1127 4968 1227 5032 patrem
1245 4963 1428 5029 Artauasdem,
1452 4967 1495 5017 cui
1513 4980 1560 5033 pro
1578 4966 1678 5018 Mediae
1696 4979 1777 5033 regno
1797 4962 1918 5014 Gaesarem

577 5046 730 5101 crediderim
753 5048 858 5100 interim
878 5050 1042 5102 concessisse
1062 5049 1210 5103 Armeniam
1229 5052 1368 5115 minorem,
1388 5055 1417 5103 ut
1435 5052 1556 5105 similiter
1573 5053 1711 5105 Armeniae
1730 5049 1833 5103 maioris
1850 5053 1918 5108 regno

576 5135 685 5187 instaret
704 5150 733 5187 ac
752 5134 904 5187 Parthorum
923 5148 1004 5202 regno
1023 5134 1153 5188 Tiridates
1171 5137 1199 5187 in
1218 5136 1295 5203 Syria
1314 5136 1421 5202 degens.
