4400 6175
914 694 959 760 vl,
974 695 1007 750 13
1017 721 1050 734 ··-
1060 695 1095 750 23
1645 699 1687 763 99

321 887 402 932 nam
430 866 470 931 do
498 867 571 952 ipsa
593 867 625 932 vi
656 875 688 932 et
709 874 865 952 potestate
886 867 1012 951 imperii
1036 867 1223 952 deponenda
1245 869 1361 934 Caesar
1383 891 1424 935 ne
1446 871 1595 954 cogitavit
1617 873 1686 955 qni·

324 970 416 1048 dem,
446 971 486 1036 68
508 969 670 1036 88668868
692 970 940 1036 8888886188818
962 975 1117 1054 potestate
1139 992 1204 1036 non
1226 972 1329 1036 solum
1351 975 1511 1056 cogitavit,
1538 975 1594 1040 sed
1617 995 1688 1040 eam

322 1094 399 1140 vere
421 1075 538 1160 populo
560 1074 708 1152 reddidit,
732 1080 896 1139 contentus
919 1095 958 1138 ex
982 1093 1017 1137 eo
1040 1073 1115 1138 inde
1136 1081 1277 1160 tempore
1299 1077 1539 1158 magistratibus
1555 1079 1619 1144 sibi
1634 1078 1687 1144 de·

323 1179 400 1244 latis
424 1185 456 1243 et
477 1185 640 1264 praeterea
661 1177 815 1264 principis
839 1177 1029 1260 dignatione.
1064 1177 1130 1242 Nec
1151 1179 1253 1243 multo
1275 1178 1389 1243 melius
1412 1181 1473 1246 Dio
1496 1189 1569 1266 post
1590 1183 1687 1248 victo-

324 1283 405 1347 riam
421 1283 585 1348 Actiacam
600 1283 767 1347 Caesarem
789 1281 912 1346 inducit
934 1281 1164 1346 deliberantem
1186 1281 1225 1346 de
1254 1283 1356 1348 forma
1377 1285 1424 1348 rei
1446 1285 1592 1370 publicae
1614 1307 1686 1352 con·

325 1385 505 1453 stituendae
528 1406 664 1470 cumque
679 1385 824 1470 Agrippa
845 1405 973 1450 causam
990 1391 1132 1450 tueretur
1146 1386 1265 1450 liberae
1281 1386 1326 1450 rei
1341 1388 1498 1470 publicae,
1522 1391 1686 1454 Maecenas

324 1491 430 1574 regni,
459 1491 534 1554 huic
557 1489 729 1554 eumfacit
751 1489 994 1566 adsentientem
1026 1489 1142 1554 deinde
1163 1490 1196 1553 in
1221 1485 1349 1554 biennio
1371 1511 1399 1554 a
1418 1495 1492 1557 726.
1509 1494 1572 1558 727
1596 1514 1685 1558 8888-

324 1595 425 1658 88868
448 1594 551 1660 multa
572 1592 701 1678 quidem
718 1593 815 1678 ponit,
841 1613 922 1676 quae
939 1613 1011 1658 vare
1028 1593 1187 1678 pertinent
1202 1592 1242 1657 ad
1257 1613 1325 1657 rem
1339 1595 1503 1679 publicam
1517 1596 1684 1675 redditam,

325 1697 383 1762 sed
405 1719 565 1764 summam
587 1697 633 1762 rei
655 1717 691 1762 eo
715 1696 883 1772 concludit,
907 1705 944 1761 ut
966 1697 1050 1762 dicat
1067 1699 1233 1762 Caesarem
1258 1704 1422 1763 exoratum
1443 1720 1463 1761 a
1485 1708 1598 1765 senatu
1618 1724 1686 1766 rem

324 1801 490 1888 publicam
512 1800 680 1866 retinuisse
705 1801 861 1885 (53,11).
899 1800 977 1864 Vere
1002 1821 1053 1865 888
1068 1800 1116 1864 118
1131 1808 1260 1885 peracta
1275 1810 1333 1867 est.
1378 1802 1437 1866 Rei
1451 1803 1598 1887 publicae
1611 1824 1684 1869 oon·

325 1905 506 1972 stituendae
528 1911 668 1990 potestas
684 1904 810 1970 Caesari
833 1904 971 1988 primum
986 1904 1143 1989 permissa
1163 1910 1213 1968 est
1234 1907 1339 1970 alil
1364 1904 1432 1988 lege
1444 1906 1529 1970 Titia
1542 1907 1577 1972 in
1593 1909 1683 1992 quin-

326 2009 516 2094 quennium,
545 2007 660 2072 deinde
682 2007 865 2072 continuata
891 2007 924 2070 in
948 2007 1082 2072 alterum
1107 2007 1375 2090 quinquennium,
1402 2009 1585 2075 continuata
1606 2012 1684 2077 item

326 2115 395 2180 sine
417 2111 553 2199 termino
576 2117 660 2176 certo
682 2117 755 2196 post
776 2110 900 2174 finitum
924 2109 1122 2186 decennium,
1146 2133 1220 2174 cum
1242 2110 1276 2174 in
1290 2110 1360 2195 ipso
1375 2111 1446 2176 eius
1460 2113 1548 2177 exitu
1564 2114 1684 2180 bellum

325 2217 544 2284 Antonianum
566 2213 722 2298 coepisset
737 2221 768 2276 et
782 2212 931 2277 universa
946 2212 1039 2278 ltalia
1054 2214 1221 2277 Caesarem
1245 2213 1358 2278 ducem
1373 2214 1556 2300 deposceret
1573 2218 1686 2304 (supra

328 2325 356 2400 5,
374 2323 421 2406 3).
456 2319 646 2385 Continuata
668 2325 774 2382 autem
796 2323 846 2380 est
868 2316 937 2399 lege
961 2317 999 2382 de
1023 2337 1061 2382 ea
1083 2337 1117 2382 88
1133 2317 1224 2382 88118
1237 2317 1305 2382 1818
1318 2324 1385 2383 tam
1401 2339 1429 2384 a.
1442 2321 1504 2383 717
1530 2321 1683 2406 (Appian.

327 2427 357 2491 b.
375 2447 401 2490 c.
421 2427 450 2501 5,
468 2425 526 2502 95)
549 2443 644 2506 quam
667 2444 694 2485 a.
714 2423 794 2499 722;
824 2442 927 2504 neque
950 2421 1082 2486 obscure
1106 2421 1263 2504 significat
1284 2423 1448 2504 Augustus
1470 2423 1504 2487 in
1527 2444 1684 2492 commen·

326 2531 408 2596 tario
430 2534 618 2615 potestatem
640 2527 731 2592 illam
754 2527 1035 2592 extraordinariam
1057 2547 1121 2591 non
1143 2527 1211 2610 lege
1235 2547 1268 2591 ss
1291 2526 1477 2602 obtinuisse,
1501 2527 1557 2592 sed
1578 2551 1685 2596 rerum

329 2633 471 2699 omnium
493 2632 629 2716 potitum
653 2651 722 2695 esse
743 2651 1001 2712 perscorensem
1022 2633 1252 2695 aaiosrsoram.
1290 2629 1372 2694 Nam
1395 2630 1449 2713 qui
1472 2635 1683 2713 consentiunt,

326 2759 390 2804 non
419 2745 485 2802 tam
514 2735 687 2800 decernunt
716 2755 809 2818 quam
834 2735 969 2817 probant
991 2734 1200 2817 laudantque,
1228 2755 1286 2798 nec
1308 2755 1378 2799 raro
1400 2734 1560 2800 181118118
1582 2740 1685 2804 muni·

326 2841 485 2928 cipalibus
509 2839 572 2904 sibi
595 2845 795 2924 opponuntur
817 2837 978 2902 decretum
1002 2846 1131 2902 senatus
1153 2838 1321 2922 plebisque
1342 2857 1531 2914 consensus,
1564 2841 1686 2906 scilicet
1766 2833 1774 2846 ’

326 2947 380 3012 881
409 2946 459 3010 188
487 2943 611 3008 nullum
641 2947 726 3005 88881
754 2941 816 3004 8181
846 2947 901 3004 881
922 2939 1095 3024 plaudendi
1118 2947 1175 3006 aut
1197 2940 1359 3024 querendi.
1409 2940 1599 3006 Reddidisse
1619 2945 1685 3009 An·

325 3057 457 3137 gustum
485 3069 550 3113 rem
580 3045 742 3132 publicam
772 3065 834 3109 non
864 3063 926 3109 888
951 3050 1038 3121 8818,
1069 3044 1127 3110 886
1154 3044 1303 3109 88811888
1331 3043 1457 3109 biennio
1485 3047 1601 3111 8726.
1620 3051 1683 3114 727

324 3160 449 3242 praeter
472 3154 578 3239 ipsum
600 3152 695 3216 etiam
712 3151 771 3215 Dio
786 3150 951 3233 significat,
975 3170 1077 3234 neque
1093 3149 1187 3213 aliter
1201 3149 1270 3212 fieri
1283 3149 1400 3233 potuita
1423 3148 1585 3214 reddenda
1599 3153 1684 3219 enim

326 3266 418 3323 88881
440 3256 556 3343 populo
584 3256 740 3319 exercitus
764 3254 942 3340 provinciae
970 3254 1175 3337 magistrante
1197 3254 1383 3337 reditusque
1405 3253 1456 3337 (τὰ
1478 3253 1556 3317 ὅπλα
1576 3258 1686 3321 καὶτὰ

326 3362 400 3447 ἔθνη
425 3363 476 3426 καὶ
499 3362 530 3425 αἱ
551 3360 643 3446 ἀρχαὶ
665 3360 715 3422 καὶ
737 3359 774 3422 τὰ
795 3359 937 3444 χρήματα
959 3358 1017 3422 Dio
1041 3359 1092 3434 52,
1115 3360 1165 3421 13.
1195 3359 1235 3421 81.
1260 3359 1312 3434 53,
1329 3360 1360 3421 4.
1377 3360 1408 3421 9.
1428 3358 1493 3441 10).
1547 3358 1687 3425 Pertinet
1784 3438 1788 3451 Ι

326 3468 370 3532 86
398 3488 465 3531 rem
494 3463 655 3550 publicam
686 3462 858 3537 redditam,
895 3462 978 3545 quod
1014 3462 1053 3525 de
1088 3462 1255 3525 consulatu
1288 3483 1316 3525 s.
1340 3463 1404 3526 726
1433 3461 1494 3529 Dio
1524 3461 1688 3529 adnotavit

326 3572 404 3656 (53,
432 3570 464 3653 1)
487 3570 652 3633 Caesarem
680 3565 854 3629 secundum
885 3563 1147 3629 consuetudinem
1176 3564 1340 3647 antiquam
1367 3564 1499 3629 alternis
1522 3567 1686 3633 mensibus

326 3677 431 3739 188888
453 3672 625 3737 tradidisse
648 3669 785 3753 collegae
809 3669 967 3753 Agrippae
998 3674 1029 3731 et
1057 3668 1225 3731 abeuntem
1253 3668 1474 3751 magistratum
1502 3669 1686 3735 eiuravisse.

326 3780 471 3843 Pertinet
493 3774 602 3840 eodem
626 3774 659 3837 ni
681 3773 773 3837 fallor
796 3793 928 3836 8888888
951 3778 1022 3856 post
1044 3791 1145 3835 88888
1166 3770 1375 3854 quadraginta
1391 3770 1452 3834 duo
1468 3777 1537 3834 tum
1552 3774 1686 3837 resusci-

326 3889 405 3949 tata.
446 3880 587 3945 Pertinet
609 3877 718 3942 eodem
741 3896 848 3939 eorum
870 3895 951 3957 quae
967 3895 1022 3960 per
1038 3874 1125 3938 bella
1138 3874 1247 3938 civilia
1260 3879 1370 3937 contra
1383 3873 1434 3937 ius
1450 3873 1599 3957 legesque
1615 3860 1698 3940 con·¹

330 3987 445 4051 stitnta
467 3989 557 4047 88881
580 3980 710 4045 abolitio
733 3980 844 4055 edicto,
869 4000 931 4061 quo
954 3978 1109 4043 terminus
1131 3977 1218 4041 hisce
1233 3978 1423 4041 constitutus
1438 3983 1487 4041 est
1499 3976 1569 4061 ipse
1584 3997 1686 4044 annus

330 4087 633 4175 septingentesimus
658 4084 827 4149 vicesimus
850 4090 958 4146 sextus
982 4083 1057 4165 (Dio
1073 4082 1173 4158 53,2;
1198 4082 1303 4164 ἐπειδὴ
1326 4081 1422 4145 πολλὰ
1444 4083 1520 4144 πάνυ
1636 4087 1688 4149 καὶ

329 4192 451 4279 ἀνόμως
473 4193 524 4255 καὶ
539 4191 649 4258 ἀδίκως
666 4188 812 4273 ἐτετάχει,
836 4189 930 4250 πάντα
946 4186 1021 4250 αὐτὰ
1042 4186 1080 4249 δι’
1096 4187 1161 4255 ἑνὸς
1176 4187 1405 4271 προγράμματος
1420 4184 1595 4262 κατέλυσεν,
1619 4187 1687 4273 ὅρον

329 4299 382 4381 τὴν
407 4296 495 4380 ἕκτην
520 4294 612 4357 αὐτοῦ
636 4292 775 4356 ὑπατείαν
798 4290 963 4375 προσθείς).
1006 4288 1067 4353 Sed
1091 4290 1182 4371 longe
1205 4288 1428 4370 gravissimum
1451 4289 1688 4374 maximumque

331 4408 400 4466 erat
420 4399 583 4481 negotium
606 4395 838 4481 provinciarum
868 4393 1009 4457 omnium
1038 4414 1111 4457 oum
1141 4393 1208 4457 suis
1238 4392 1428 4456 exercitibus
1452 4392 1577 4456 senatui
1599 4395 1690 4458 resti·

330 4504 532 4578 tuendarum,
557 4500 647 4565 88188
671 4496 880 4562 restitutionis
904 4496 942 4559 de
960 4497 1037 4559 Asia
1058 4496 1222 4580 provincia
1244 4495 1336 4559 testis
1359 4502 1408 4559 est
1429 4516 1579 4559 nummus
1594 4517 1691 4581 supra

334 4610 450 4674 citatus
472 4608 507 4671 in
529 4606 601 4689 ipsa
623 4602 701 4667 Asia
724 4622 818 4665 88888
841 4621 912 4664 oum
934 4599 1086 4684 inscripto
1110 4619 1192 4663 anno
1216 4601 1290 4662 726.
1337 4598 1374 4662 16
1396 4598 1503 4682 ipsum
1526 4600 1692 4665 enuntiant

332 4714 431 4778 rerba
453 4716 577 4796 poetae,
606 4727 740 4790 quorum
763 4712 834 4790 post
857 4704 1043 4768 Merkelium
1068 4704 1162 4789 (prol.
1180 4703 1219 4766 ad
1235 4704 1306 4767 last.
1325 4702 1427 4786 pax)
1451 4701 1534 4765 male
1557 4710 1690 4787 tempta

331 4826 437 4882 torum
467 4816 522 4897 (0.
541 4815 565 4876 l.
582 4814 616 4876 L.
641 4813 654 4876 l
677 4832 709 4895 p.
722 4812 806 4893 384)
839 4809 931 4875 hodie
958 4830 1010 4875 me
1037 4808 1192 4892 paenitet,
1223 4807 1274 4871 die
1304 4808 1370 4869 lan.
1395 4806 1435 4869 13
1465 4806 1587 4871 scilicet
1614 4810 1691 4872 anni

334 4922 397 4986 727
423 4919 539 5005 populo
562 4936 688 4981 omnem
709 4913 906 4999 provinciam
929 4912 1085 4978 redditam
1110 4932 1188 4987 8888,
1212 4912 1307 4995 plone
1329 4916 1365 4973 81
1381 4909 1439 4972 llio
1452 4909 1537 4990 53,9
1560 4910 1691 4994 loquen-

333 5033 399 5089 tem
427 5020 552 5087 inducit
575 5021 741 5083 Caesarem
770 5038 796 5081 a.
812 5018 891 5081 727:
923 5017 1089 5100 ἀποδίδωμι
1121 5017 1186 5097 ὑμῖν
1216 5015 1267 5077 καὶ
1294 5012 1330 5074 τὰ
1361 5012 1439 5075 ὅπλα
1466 5015 1517 5076 καὶ
1545 5014 1582 5076 τὰ
1605 5013 1689 5098 ἔθνη.

335 5128 465 5195 Scilicet
486 5126 597 5193 Asiam
626 5104 820 5209 provinbiam
849 5144 921 5188 cum
949 5122 1140 5187 restituisset
1167 5141 1194 5183 a.
1210 5121 1283 5196 726,
1317 5115 1498 5181 universam
1521 5117 1690 5181 restitutio

1447 5240 1482 5290 7*
