4400 6175
1138 729 1204 793 V‚9
1225 729 1258 782 lo

1043 947 1199 1016 CAPVT
1227 947 1351 1016 XXVI

595 1085 660 1130 aar.
674 1067 736 1147 5,s
770 1061 925 1130 Omnium
958 1063 1206 1150 prov[inciornm
1237 1066 1350 1144 populi
1377 1061 1543 1147 Romani],
1576 1059 1695 1144 quibus
1724 1060 1884 1124 finitimae

703 1195 732 1240 10
764 1175 895 1240 fuerumt
923 1179 929 1246 Ι
957 1182 1072 1260 gentes
1104 1197 1187 1258 quae
1221 1174 1366 1259 n[ondnm
1398 1183 1550 1256 parerent
1584 1175 1717 1254 imperio
1745 1171 1885 1255 rroatr]o‚

771 1285 853 1353 fines
876 1285 987 1370 aux[i].

597 1399 738 1480 cn.14‚1
772 1396 900 1482 [Πασῶν
930 1401 988 1460 τῶν
1018 1397 1185 1482 ἐπαρχειῶν
1215 1402 1267 1460 τοῦ
1291 1398 1389 1482 δήμου
1413 1401 1465 1461 τοῦ
1484 1391 1676 1481 ῬωμαιΊων,
1707 1394 1743 1463 ἃς
1765 1393 1887 1478 ὅμοραΙ

697 1529 740 1572 23
773 1507 853 1594 [ἔθνη
883 1507 1049 1594 περιῴκουν
1078 1507 1169 1591 μήπω
1201 1507 1433 1592 ὑποτεταγμένα]
1461 1514 1499 1590 τῇ
1527 1505 1660 1591 ἡμετέρᾳ
1683 1511 1689 1576 Ι
1713 1505 1885 1590 [ἡγεμονίᾳ,

770 1620 807 1683 τὰ
831 1620 896 1706 ὅρια
918 1617 1107 1706 apodictico}

522 1738 605 1802 Huic
634 1737 700 1803 looo
724 1738 906 1802 Husehlrius
937 1739 1033 1818 (iiber
1062 1739 1122 1799 den
1143 1757 1202 1799 nnr
1227 1737 1298 1800 Zeit
1325 1739 1381 1800 der
1405 1739 1523 1799 Gebnrt
1549 1737 1670 1800 Christi
1692 1737 1884 1816 pebcltenen

525 1841 643 1905 Census
667 1863 698 1927 p.
712 1842 753 1906 53
770 1861 830 1926 sq„
854 1840 924 1905 coll.
948 1843 1025 1904 iiber
1048 1841 1107 1902 den
1133 1840 1252 1905 Census
1276 1842 1333 1903 der
1355 1841 1535 1904 Kaiserzeit
1558 1861 1588 1924 p.
1607 1850 1649 1918 x)
1679 1858 1809 1902 censum
1832 1837 1885 1900 in-

522 1943 598 2008 tulit
621 1965 659 2008 ex
682 1944 774 2009 libris
798 1943 896 2008 sacris
926 1944 1078 2029 supplens
1109 1942 1170 2006 sic:
1202 1939 1336 2008 omnium
1361 1944 1608 2030 predicatorum
1631 1965 1755 2007 oensem
1777 1945 1828 2024 epi
1848 1952 1887 2006 et

522 2046 647 2133 ccrnrn]‚
674 2051 786 2130 quibas
809 2055 879 2125 cet,
910 2068 985 2112 sane
1015 2065 1172 2132 perverse.
1225 2045 1314 2113 Idem
1342 2049 1520 2133 provincias
1544 2068 1625 2130 qnae
1647 2053 1794 2131 parerent
1816 2048 1887 2109 Au-

522 2157 613 2234 gusto
643 2152 770 2234 negavit
798 2155 881 2214 recte
911 2149 974 2214 dici
1002 2148 1114 2234 populi
1142 2150 1292 2229 Romani3
1328 2157 1361 2215 at
1390 2152 1554 2234 Augustus
1583 2150 1740 2234 quidquid
1767 2150 1886 2224 tenuit,

521 2254 632 2338 populi
653 2254 781 2319 nomine
802 2258 909 2318 tenere
933 2273 967 2316 se
991 2270 1116 2336 semper
1138 2254 1299 2336 professus
1330 2261 1380 2318 cst
1405 2258 1647 2338 Aegyptumque
1671 2254 1748 2318 adeo
1771 2253 1889 2316 scribit

523 2355 676 2422 adiecisse
699 2379 733 2422 se
755 2360 889 2440 inperio
909 2358 1023 2437 popnli
1046 2358 1181 2419 Romani
1204 2357 1249 2440 (5,
1267 2356 1340 2439 24);
1366 2377 1462 2439 quare
1485 2357 1602 2421 retinui
1625 2356 1887 2441 supplementum

524 2461 759 2546 Zumptianum.
804 2461 872 2526 Iam
896 2457 1077 2542 quibusda
1105 2458 1277 2542 provinciis
1301 2459 1359 2522 boo
1381 2459 1448 2525 loco
1471 2460 1616 2542 cogitarit
1637 2458 1808 2542 Augustus,
1837 2460 1889 2523 vi-

524 2564 664 2628 deamus.
689 2601 731 2612 -
755 2563 802 2630 De
816 2562 1044 2647 Hispaniarum
1066 2568 1099 2626 et
1120 2561 1295 2626 Galliarum
1317 2563 1464 2627 litoribus
1485 2563 1606 2648 pacatis
1630 2583 1703 2627 cum
1718 2565 1887 2645 Augustus

523 2677 595 2750 agat
618 2666 719 2753 capite
743 2676 904 2751 sequente,
929 2667 990 2734 hoc
1013 2667 1053 2730 ad
1070 2667 1242 2752 Hispanias
1256 2669 1415 2752 pertinere
1430 2689 1492 2734 non
1508 2667 1643 2745 videtur,
1667 2665 1785 2752 quippe
1799 2687 1887 2750 qnae

523 2779 631 2852 gentes
655 2771 805 2837 barbaras
827 2771 953 2857 proprie
976 2769 1129 2835 finitimas
1152 2770 1321 2836 habuerint
1334 2773 1451 2838 nullas.
1468 2809 1508 2818 ——
1526 2772 1701 2836 Galliarum
1720 2773 1799 2836 lines
1817 2776 1887 2838 An-

523 2880 614 2956 gusto
635 2875 720 2940 visos
743 2895 813 2941 osse
829 2875 1024 2940 Germanicis
1048 2875 1116 2938 suis
1131 2875 1386 2959 expeditionibus
1402 2897 1421 2940 a
1435 2877 1544 2940 Rheno
1559 2877 1698 2960 prolatos
1714 2877 1753 2942 ad
1771 2878 1886 2942 Albim

522 2997 651 3042 necesso
674 2985 723 3044 ost
745 2985 920 3045 statuamus
943 2986 1119 3065 propterea,
1143 2980 1227 3063 quod
1250 2981 1284 3043 in
1305 2981 1346 3044 iis
1364 3001 1445 3064 quae
1460 2988 1636 3063 sequuntur
1652 2982 1774 3046 Galliae
1789 2984 1888 3046 litora

523 3102 543 3145 a
564 3083 708 3147 confiniis
723 3083 895 3169 Hispaniae
918 3083 1132 3149 extenduntur
1154 3084 1196 3149 ad
1218 3083 1335 3150 ostium
1357 3106 1459 3169 nsque
1474 3085 1615 3150 fluminis
1631 3084 1735 3151 Albis.
1770 3088 1887 3170 Itaque

525 3186 725 3251 Germaniam
746 3187 829 3252 inter
851 3189 996 3253 Rhenum
1020 3198 1051 3253 et
1073 3189 1183 3253 Albim
1199 3190 1335 3254 Romani
1356 3190 1483 3275 imperii
1506 3210 1575 3255 esse
1591 3190 1692 3255 voluit
1706 3193 1886 3274 Augustus,

524 3289 626 3353 noluit
649 3290 796 3354 Tiberius
819 3300 851 3355 et
873 3311 945 3355 cum
966 3292 1143 3377 imperante
1166 3300 1254 3376 petre
1284 3295 1441 3359 exereitus
1467 3295 1543 3358 inde
1567 3294 1759 3371 deduxisset,
1783 3296 1887 3379 impe-

525 3398 609 3456 rator
630 3392 700 3477 ipss
724 3412 793 3457 eam
817 3392 995 3476 dereliquit.
1036 3396 1125 3471 Quod
1150 3416 1341 3481 quamquam
1365 3407 1528 3483 praeterea
1550 3420 1613 3463 non
1635 3401 1771 3465 traditur
1795 3405 1886 3480 (nam

525 3495 651 3559 diversa
672 3502 747 3560 sunt
769 3516 851 3579 quas
872 3504 1002 3561 narrant
1026 3496 1196 3563 Suetonius
1214 3502 1295 3585 Aug.
1309 3504 1348 3567 21
1376 3504 1547 3567 Germanos
1571 3505 1610 3567 ab
1635 3505 1778 3584 Augusto
1801 3504 1889 3569 ultra

525 3599 636 3665 Albim
666 3598 799 3664 fluvium
827 3606 999 3665 summotos
1029 3622 1099 3667 osse
1129 3611 1160 3668 et
1183 3604 1297 3670 Strabo
1313 3611 1343 3683 7,
1363 3610 1429 3683 1,4
1453 3629 1483 3692 p.
1499 3610 1556 3671 191
1584 3610 1765 3690 Augustum
1787 3608 1887 3673 duces

524 3704 682 3768 Romanos
697 3700 811 3767 Albim
825 3698 1002 3787 transgredi
1018 3706 1183 3791 vetuisse),
1204 3716 1308 3773 tamen
1326 3712 1473 3775 convenit
1487 3712 1528 3775 iis
1544 3731 1626 3794 quae
1642 3712 1681 3775 de
1693 3712 1769 3775 Vari
1784 3712 1886 3775 admi-

525 3807 710 3872 nistratione
723 3803 909 3871 Germaniae
924 3808 1092 3873 traduntur
1108 3848 1149 3857 -
1167 3813 1206 3878 ef.
1219 3813 1395 3877 Cassiodor.
1412 3814 1476 3877 chr.
1495 3815 1534 3877 ad
1550 3817 1665 3879 aris:
1681 3820 1765 3879 inter
1781 3820 1887 3881 Albim

525 3921 556 3975 et
564 3913 709 3975 Rhenum
726 3910 873 3974 Germani
897 3932 1003 3976 ornnes
1029 3916 1073 3976 Ti.
1087 3916 1209 3979 Neroni
1224 3920 1322 3981 dediti
1345 3925 1378 3981 ot
1392 3918 1473 3982 Vell.
1491 3920 1521 3995 2,
1539 3920 1597 3983 97:
1622 3919 1731 4001 (Nero)
1747 3925 1798 3984 sic
1810 3943 1886 4002 per-

526 4018 643 4080 donanil
659 4014 899 4097 (Germaniam),
919 4024 952 4077 nt
968 4020 1001 4078 in
1015 4020 1151 4097 formam
1163 4041 1265 4101 poene
1279 4024 1511 4103 stipendiariae
1526 4026 1683 4105 radiperet
1697 4029 1887 4105 provinciae

527 4158 569 4168 -
589 4116 818 4198 universaeque
841 4117 1078 4201 expeditionum
1097 4125 1235 4205 Augusti
1255 4126 1512 4192 Germanicarum
1531 4128 1646 4192 rationi
1671 4135 1703 4192 et
1720 4129 1883 4207 decursui3

527 4220 584 4285 sed
606 4220 701 4283 latius
724 4218 801 4283 haee
822 4220 1010 4304 explicanda
1033 4232 1108 4290 sunt
1131 4246 1228 4309 quam
1242 4236 1279 4293 ut
1292 4230 1351 4295 hac
1371 4233 1687 4318 pagellacapiantur.
1706 4234 1886 4317 —lllyrici

528 4334 559 4388 et
573 4322 774 4389 Macedoniae
797 4323 875 4387 fines
891 4328 1055 4408 Augustus
1078 4330 1125 4394 ita
1148 4342 1230 4396 certo
1246 4334 1386 4417 protulit,
1411 4346 1446 4400 ut
1462 4356 1576 4400 novam
1592 4338 1786 4421 provinciam
1803 4338 1884 4401 Pan-

527 4427 669 4503 noniam,
698 4427 830 4491 fortasse
853 4427 949 4492 etiam
972 4430 1105 4497 alteram
1127 4424 1279 4499 Moesiam
1303 4439 1517 4503 constitueret.
1539 4482 1580 4489 -
1602 4442 1638 4504 ln
1661 4442 1740 4506 Asia
1761 4442 1884 4507 minore

529 4534 691 4613 Augustus
713 4528 896 4613 Bithyniam
927 4532 1016 4598 auxit
1043 4536 1167 4603 adiecta
1189 4540 1406 4625 Paphlagonia
1427 4544 1634 4627 (Marqnardt
1649 4546 1679 4621 3,
1700 4549 1727 4622 1,
1748 4547 1824 4625 147)
1855 4552 1887 4610 ct

528 4635 684 4700 Galatiam
706 4633 990 4720 Pamphyliamquc
1018 4639 1051 4703 in
1080 4644 1315 4725 provinciarum
1342 4648 1475 4712 formam
1504 4648 1638 4731 redegit,
1668 4648 1805 4731 denique
1827 4672 1886 4734 per

529 4740 564 4801 P.
581 4736 758 4822 Sulpicium
773 4736 952 4813 Quirinium
974 4741 1231 4812 Homonadenses
1255 4750 1287 4813 in
1311 4752 1454 4815 confiniis
1470 4750 1676 4837 Pamphyliae
1699 4759 1731 4816 et
1753 4752 1885 4817 Ciliciae
1904 4795 1906 4798 -

528 4840 660 4919 domuit,
685 4860 747 4922 qua
770 4840 811 4905 de
833 4843 1031 4926 expeditione
1056 4848 1177 4915 dicetur
1200 4853 1235 4916 in
1257 4854 1432 4938 appendice
1455 4857 1493 4919 de
1509 4856 1601 4921 titulo
1618 4856 1754 4933 Quirinii
1769 4856 1885 4921 'libur-

526 4946 601 5011 tino.
649 4944 846 5026 Quamquam
869 4964 946 5010 num
969 4949 1025 5014 has
1049 4960 1157 5034 gentes
1187 4956 1252 5019 iam
1281 4963 1375 5021 antea
1395 4959 1545 5023 Romanis
1575 4960 1806 5043 quodammodo
1829 4982 1884 5045 pa-

526 5055 630 5114 rentes
652 5046 711 5109 hoo
732 5046 800 5111 loco
817 5048 982 5130 Augustus
998 5059 1180 5141 respexerit,
1205 5059 1338 5124 dubium
1355 5070 1411 5127 est.
1430 5105 1470 5113 -
1487 5064 1534 5127 De
1550 5064 1661 5147 Syriae
1676 5064 1794 5127 finibus
1811 5064 1885 5128 vide

527 5175 608 5237 quse
631 5149 768 5217 diximus
791 5154 873 5235 pne
897 5155 935 5220 de
967 5162 1166 5244 expeditione
1190 5164 1335 5230 Arabica.
1367 5204 1405 5213 -
1436 5168 1561 5231 Africae
1584 5169 1662 5232 finos
1693 5168 1782 5232 auxit
1805 5168 1884 5233 Len·
