4400 6175
574 724 616 787 92
1146 725 1357 791 v‚54—vl,3

573 899 693 963 talibus
709 900 768 964 Dio
793 907 896 985 potest
918 902 1071 965 erravisse
1096 901 1147 965 vel
1169 900 1355 964 relationem
1378 900 1538 965 diversam
1562 907 1691 965 secutus
1714 921 1800 979 esse;
1825 909 1925 967 contra

574 1003 628 1065 vix
652 1004 843 1069 credendum
870 1005 928 1069 hoc
956 1005 1023 1069 loeo
1046 1026 1114 1069 rem
1142 1005 1264 1068 narrari
1291 997 1454 1088 praeterea
1482 1004 1576 1089 plane
1604 1005 1744 1087 ignotam
1773 1027 1832 1070 nec
1859 1028 1924 1070 eum

573 1106 624 1184 iis,
649 1128 730 1190 quae
754 1108 792 1172 de
815 1109 948 1172 Phraate
970 1109 1036 1172 filio
1059 1109 1281 1193 comperimus,
1305 1108 1367 1172 alio
1390 1107 1483 1172 modo
1506 1108 1599 1172 facila
1621 1108 1862 1174 conciliandam.
1906 1105 1909 1113 ⁴

683 1213 731 1276 De
753 1233 824 1294 rege
847 1213 1010 1279 Medorum
1033 1213 1209 1278 Artavasde
1232 1212 1353 1276 dicetur
1375 1213 1459 1276 infra
1481 1212 1522 1276 ad
1545 1213 1575 1288 6,
1593 1214 1622 1276 9.
1792 1291 1796 1298 Ι

684 1318 878 1380 Albanorum
890 1321 1071 1382 Artaaares
1086 1326 1163 1403 puto
1179 1326 1262 1382 recte
1277 1338 1328 1381 me
1344 1317 1579 1402 recuperavisse
1595 1338 1634 1381 ex
1649 1317 1794 1401 vestigiis
1805 1319 1923 1382 Graecis

576 1441 772 1490 aa...an
804 1428 835 1484 at
862 1421 983 1484 Latinis
1007 1441 1211 1500 inunxisse,
1244 1441 1439 1504 quamquam
1466 1421 1651 1487 Latinorum
1679 1421 1820 1505 spatium
1847 1423 1924 1505 capit

573 1525 704 1587 fortasse
728 1524 850 1588 litteras
873 1525 980 1610 paullo
1004 1525 1122 1609 plures.
1159 1526 1303 1588 Ceterum
1330 1532 1361 1588 et
1382 1545 1432 1588 res
1456 1531 1488 1589 et
1502 1526 1595 1590 homo
1611 1526 1706 1610 plane
1720 1525 1835 1608 ignoti3
1857 1526 1923 1590 vide

574 1648 669 1710 supra
693 1629 731 1691 ad
757 1632 786 1705 5,
804 1630 855 1693 51.

683 1732 771 1796 Idem
801 1733 840 1796 de
869 1732 1076 1815 sequentibus
1106 1731 1200 1798 valet.
1254 1731 1478 1796 Britannorum
1508 1732 1696 1815 ambigitur,
1731 1742 1841 1799 utrum
1868 1733 1921 1796 duo

572 1855 660 1916 reges
683 1837 885 1900 nominentur
906 1836 1202 1900 Dumnobellaunus
1226 1843 1258 1900 et
1280 1836 1385 1900 Tim..
1417 1857 1458 1899 an
1487 1826 1550 1900 tres
1573 1837 1715 1914 Dumuo,
1745 1836 1920 1912 Bellunum,

573 1938 727 2018 Tim...;
758 1940 894 2024 praetuli
916 1940 1014 2018 illud,
1045 1940 1121 2004 licet
1143 1940 1289 2025 exempla
1323 1941 1429 2005 omnia
1455 1941 1569 2005 Latina
1595 1948 1668 2026 post
1689 1940 1811 2009 nunno
1837 1942 1921 2005 inter·

570 2051 727 2126 pungant,
759 2045 909 2128 quoniam
931 2054 964 2110 et
984 2045 1131 2129 copulam
1161 2045 1337 2109 necessario
1360 2051 1432 2129 post
1455 2047 1575 2109 Damae
1598 2045 1802 2109 inserendam
1829 2060 1921 2128 neque

572 2147 720 2212 Latinum
758 2150 939 2233 exemplum
973 2149 1085 2234 recipit
1120 2170 1223 2232 neque
1259 2149 1412 2214 Graecum
1449 2157 1481 2214 et
1514 2149 1786 2214 Dumnobellauni
1818 2170 1920 2214 nomen

572 2251 773 2335 Dumnorigis
795 2261 826 2316 et
841 2253 1080 2317 Cassiobelauni
1104 2253 1285 2317 nominibus
1310 2252 1557 2338 comparandum
1581 2254 1684 2336 magis
1706 2254 1814 2339 placet
1835 2274 1920 2336 quam

572 2354 749 2420 Dumnonis
788 2356 1008 2440 Bellaunique.
1075 2357 1202 2422 Paravit
1234 2358 1399 2439 Augustus
1440 2357 1656 2422 Britannicam
1696 2358 1920 2453 expeditionem

573 2480 600 2522 a.
619 2457 722 2538 tatto
746 2461 821 2541 (Dio
838 2461 890 2538 53,
908 2461 965 2540 22;
992 2462 1030 2524 cf.
1049 2461 1157 2524 Horat.
1183 2481 1278 2525 carm.
1298 2464 1325 2539 1,
1343 2462 1396 2538 35,
1414 2463 1466 2526 29.
1491 2463 1521 2539 3,
1539 2463 1569 2539 5,
1587 2463 1607 2526 3
1624 2461 1681 2546 al.)

681 2563 728 2626 De
752 2563 893 2627 Maelone
916 2563 961 2627 sic
983 2562 1096 2628 Strabo
1113 2567 1143 2640 7,
1163 2565 1191 2640 1,
1209 2566 1229 2627 4
1250 2585 1282 2648 p.
1296 2566 1357 2628 291
1385 2563 1471 2628 bella
1493 2585 1643 2629 enarrans
1659 2567 1802 2650 Augusti
1824 2573 1920 2630 contm

572 2668 757 2732 Germanos:
782 2667 905 2754 ἤρξαντο
929 2669 964 2731 δὲ
980 2671 1032 2730 τοῦ
1053 2667 1188 2752 πολέμου
1209 2667 1401 2755 Σούγαμβροι
1423 2669 1546 2752 πλησίον
1569 2671 1718 2739 οἰκοῦντες
1738 2675 1794 2734 τοῦ
1808 2667 1918 2752 Ῥήνου,

572 2770 704 2836 Μέλωνα
727 2770 848 2857 ἔχοντες
863 2769 1010 2855 bispidum
1035 2771 1114 2835 item
1127 2791 1160 2856 p.
1170 2772 1235 2836 292
1251 2778 1358 2835 narrat
1372 2772 1406 2834 in
1423 2772 1584 2857 triumpho
1600 2773 1785 2838 Germanici
1801 2773 1919 2837 ductum

572 2896 641 2939 esse
664 2875 874 2959 Deudorigem
897 2875 1031 2939 Melonis
1061 2874 1168 2940 fratris
1196 2873 1299 2941 lilium
1328 2875 1549 2959 Sugambrum.
1603 2877 1732 2941 Scilicet
1762 2875 1919 2960 Sugambri

571 3000 641 3043 cum
665 2979 805 3065 Usipetis
830 2988 861 3044 et
883 2979 1045 3044 Tencteris
1076 2987 1219 3044 auctores
1247 2982 1376 3044 fuerumt
1404 2980 1504 3045 cladis
1528 2981 1689 3046 lollianae
1712 3002 1741 3047 a.
1760 2983 1825 3046 738
1848 2980 1918 3064 (Dio

570 3088 621 3162 54,
640 3082 695 3164 20;
720 3084 800 3148 Flor.
820 3085 849 3161 2,
867 3085 919 3162 30,
943 3106 983 3149 ex
998 3085 1056 3149 hoc
1073 3084 1162 3150 Oros.
1180 3090 1209 3163 6,
1228 3085 1302 3171 21);
1327 3083 1441 3149 deinde
1462 3106 1574 3171 pacem
1591 3087 1734 3151 iecerunt
1757 3087 1835 3171 (Dio
1850 3085 1869 3149 l.
1882 3106 1917 3163 c.;
2006 3117 2007 3122 ο

571 3190 677 3253 Horat.
700 3210 795 3253 carm.
819 3192 849 3265 4,
867 3190 896 3266 2,
915 3190 966 3253 36.
995 3191 1044 3266 14,
1064 3193 1101 3253 51
1137 3189 1243 3254 addito
1272 3190 1406 3253 Frankio
1436 3191 1509 3254 fast.
1533 3190 1607 3254 Hor.
1631 3212 1663 3275 p.
1677 3191 1757 3270 2083
1789 3190 1918 3275 Propert.
2006 3207 2007 3216 ¹

570 3295 600 3369 5,
618 3295 648 3369 6,
666 3294 733 3377 77),
758 3292 814 3356 sed
837 3314 910 3356 cum
932 3292 1141 3356 rebellassent
1165 3314 1192 3355 a.
1204 3294 1278 3369 742,
1303 3293 1452 3377 deinceps
1476 3294 1618 3358 allruso
1641 3314 1740 3378 eoque
1764 3304 1919 3360 mortuos
2006 3281 2007 3366 l

569 3396 697 3459 Tiberio
720 3396 846 3480 saepius
870 3395 946 3459 victi
969 3372 1044 3479 (llio
1060 3396 1113 3471 54,
1131 3394 1183 3459 32.
1201 3395 1253 3460 33.
1271 3395 1329 3481 36)
1354 3402 1386 3461 et
1401 3397 1552 3460 debellati
1568 3398 1697 3462 tandem
1718 3420 1746 3462 a.
1765 3400 1830 3463 746
1852 3398 1918 3482 (Dio

570 3501 622 3576 55,
639 3502 674 3577 6;
701 3500 782 3565 Vell.
799 3500 828 3575 2,
846 3500 903 3582 97)
926 3499 960 3562 16
985 3498 1121 3562 Galliam
1144 3499 1282 3564 traducti
1306 3509 1390 3564 sunt.
1431 3501 1601 3565 Suetonius
1625 3504 1705 3585 Aug.
1723 3504 1782 3566 21:
1809 3504 1918 3566 Suebos

569 3614 600 3667 et
623 3606 809 3684 Sipambros
833 3606 979 3667 dedentes
1009 3624 1045 3667 se
1069 3607 1213 3668 traduxit
1236 3608 1269 3667 ia
1294 3607 1431 3681 Gattiam
1460 3615 1555 3687 atque
1581 3610 1615 3670 ia
1635 3609 1798 3688 proaimts
1821 3610 1918 3671 litem

568 3712 659 3790 apris
682 3712 860 3773 eolloeuett.
906 3707 977 3771 Tib.
995 3710 1030 3772 9:
1057 3710 1244 3775 Germanice
1261 3709 1371 3792 (bello)
1388 3713 1605 3791 quadrapiata
1620 3714 1710 3775 mitia
1731 3714 1824 3794 (coca
1840 3714 1919 3775 mitta

568 3814 736 3898 Eutropius
754 3816 784 3889 7,
801 3815 819 3877 9
845 3812 1031 3877 Suetonium
1047 3813 1241 3896 exscribens)
1266 3816 1486 3879 dediticiorum
1510 3818 1637 3879 traiecit
1653 3818 1687 3878 ic
1704 3817 1918 3881 061666νὶ66-

568 3927 660 4001 taque
687 3922 790 3999 ripam
814 3918 914 3981 libeni
941 3918 1071 3980 sedibus
1100 3920 1284 3998 adsipcatis
1313 3920 1493 3983 collocavit.
1530 3917 1636 3983 Strab.
1656 3922 1685 3995 7,
1705 3920 1770 3996 1,3
1800 3942 1832 4004 p.
1851 3920 1916 3983 290.

568 4023 647 4086 Vict.
665 4022 740 4107 epit.
759 4025 786 4097 1,
805 4025 834 4086 7.
874 4022 954 4085 Cum
969 4021 1116 4086 Tiberius
1133 4022 1217 4106 apud
1233 4022 1379 4086 Tacitum
1395 4043 1468 4087 ann.
1485 4023 1515 4098 2,
1533 4024 1575 4087 26
1592 4023 1647 4107 (cl.
1666 4024 1716 4099 12,
1733 4022 1793 4107 39)
1809 4024 1918 4088 scribat

568 4125 608 4189 ad
632 4127 853 4189 Germanicum
881 4146 916 4188 se
939 4129 1049 4190 novies
1081 4148 1103 4189 a
1126 4129 1199 4191 dioc
1223 4129 1366 4206 depasto
1390 4130 1422 4188 iu
1447 4128 1647 4215 Germaniam
1674 4129 1804 4190 missam
1828 4131 1918 4209 plura

568 4233 703 4294 coresitio
726 4250 819 4311 qrram
841 4232 873 4291 oi
892 4232 1079 4310 perfecisse,
1103 4233 1152 4293 sic
1169 4232 1363 4311 Supambros
1380 4233 1413 4292 in
1430 4232 1619 4294 deditionem
1630 4240 1791 4312 acceptos,
1814 4231 1918 4315 proba-

568 4334 632 4397 bile
662 4341 710 4397 est
738 4354 832 4417 quarn
855 4335 963 4415 fugam
989 4334 1072 4415 regis
1100 4355 1209 4398 eorum
1231 4335 1385 4399 Maelonis
1409 4336 1572 4418 Augustus
1601 4335 1754 4421 appellat,
1785 4357 1856 4400 eam
1882 4333 1916 4397 ab

568 4438 725 4502 deditione
749 4460 776 4501 a.
795 4440 858 4501 746
882 4458 943 4501 666
967 4458 1036 4501 6666
1060 4437 1228 4501 diversam.

677 4543 838 4607 Postremo
872 4543 938 4606 loeo
973 4542 1072 4625 magis
1108 4543 1229 4627 placuit
1260 4544 1529 4606 Marcomanorum
1564 4552 1596 4606 et
1625 4542 1799 4607 Sueborum
1834 4560 1916 4623 reges
1962 4607 1965 4612 ‚

569 4644 734 4708 admittere
759 4668 854 4729 quam
878 4648 1148 4711 Marcomanorum
1170 4668 1274 4729 regem
1300 4647 1488 4711 Suebonem.
1541 4647 1621 4711 Nam
1643 4647 1818 4729 iunguntur
1840 4643 1918 4730 apud

569 4748 695 4813 Florum
712 4752 741 4825 2,
759 4752 801 4814 30
824 4751 920 4814 Drusi
943 4760 1143 4815 enarrantem
1167 4750 1400 4836 expeditionem
1416 4752 1609 4816 Marcomani
1625 4751 1723 4816 Suebi
1739 4749 1915 4835 Sugambri,

569 4860 729 4935 praeterea
756 4861 865 4917 notum
894 4862 943 4918 est
973 4856 1188 4919 Marcomanos
1219 4874 1313 4938 saepe
1337 4853 1453 4919 Suebis
1484 4856 1710 4920 connumerari
1730 4856 1824 4939 (Tac.
1849 4874 1915 4918 auu.

570 4958 598 5032 1,
614 4957 667 5019 44.
692 4957 722 5033 2,
740 4957 780 5021 62
798 4956 864 5040 al).
