4400 6175
566 656 613 791 56
1166 730 1202 794 Π,
1215 729 1336 784 15-18

571 923 644 968 oum
659 903 774 968 Caesar
796 903 865 988 ipse
888 903 944 968 vix
967 903 1113 968 videatur
1136 903 1345 969 5000015500
1368 910 1453 968 00060
1476 903 1568 969 05000
1591 905 1742 989 petuisse.
1787 906 1850 972 Hos
1870 929 1916 973 ex-

570 1013 721 1090 ceperunt
734 1007 908 1072 secundum
923 1006 988 1070 voti
1005 1006 1088 1088 leges
1106 1028 1133 1072 a.
1142 1007 1207 1072 730
1221 1007 1396 1091 pontifices,
1413 1009 1468 1071 07
1471 1009 1513 1072 34
1529 1027 1675 1091 augense,
1691 1029 1720 1073 0.
1731 1010 1793 1074 788
1804 1010 1914 1087 xvriri,

571 1132 599 1174 a.
616 1112 680 1175 742
704 1111 869 1195 0051550ος
895 1110 1019 1188 506550,
1043 1110 1073 1174 06
1095 1111 1225 1194 quidem
1248 1112 1394 1177 00505100
1417 1112 1498 1177 5556
1522 1133 1557 1175 se
1571 1113 1835 1198 interposuerunt,
1857 1115 1917 1180 ludi

569 1214 646 1278 60066
668 1221 742 1279 0556
764 1237 793 1281 0.
809 1217 872 1279 746
895 1235 951 1299 000
974 1215 1148 1298 pontifices,
1177 1235 1205 1280 a.
1224 1217 1288 1282 750
1310 1235 1367 1300 000
1388 1237 1533 1298 augures,
1565 1237 1593 1280 a.
1617 1219 1682 1282 754
1704 1239 1762 1302 000
1781 1219 1915 1294 xvviros,

570 1339 597 1380 a.
617 1319 680 1382 758
703 1339 759 1403 per
782 1318 942 1402 epulones,
974 1338 1002 1384 a.
1020 1319 1083 1381 762
1108 1338 1164 1402 per
1191 1318 1366 1403 pontifices,
1395 1321 1504 1382 0766
1527 1339 1583 1403 000
1607 1340 1751 1402 augures,
1781 1321 1916 1405 0561556

570 1421 702 1485 extremi
724 1422 860 1485 fuerunt.
896 1422 963 1484 Hoc
985 1428 1111 1485 tanturn
1134 1442 1153 1483 0
1168 1417 1391 1487 commentario
1407 1422 1467 1486 Dio
1483 1422 1596 1498 differt,
1621 1424 1706 1506 quod
1721 1425 1813 1489 ludos
1828 1425 1915 1490 altero

570 1524 698 1607 quidem
720 1525 788 1590 loco
811 1525 888 1588 dicit
911 1525 1164 1608 quinquennales
1187 1526 1393 1612 principatus,
1419 1527 1517 1591 altero
1541 1535 1648 1591 autam
1664 1528 1761 1592 refert
1776 1528 1816 1592 ad
1830 1529 1915 1594 victo

567 1628 648 1690 riam
670 1628 846 1708 Actiacam3
877 1635 985 1692 contra
1011 1630 1045 1692 in
1076 1631 1299 1694 commentario
1324 1630 1460 1713 Augusti
1483 1630 1662 1695 referuntur
1692 1631 1733 1696 ad
1756 1638 1830 1696 5060
1853 1652 1915 1696 con·

569 1732 673 1794 sulum
702 1732 962 1816 sacerdotumque
991 1754 1029 1796 ex
1058 1740 1185 1797 senatus
1215 1733 1355 1818 consulto
1385 1734 1543 1818 conceptis
1566 1755 1623 1819 pro
1647 1734 1828 1799 5010655650
1850 1737 1914 1800 an-

568 1834 647 1900 saris
668 1833 702 1899 in
726 1835 977 1918 quinquennium
1006 1836 1188 1922 proximum
1209 1837 1342 1914 tuenda,
1371 1835 1498 1902 omnino
1521 1835 1648 1904 rectius.
1699 1837 1779 1902 Rem
1802 1845 1834 1904 06
1853 1859 1914 1902 005-

567 1940 694 2004 firmant
716 1947 748 2004 et
771 1940 931 2024 explicant
957 1941 1080 2006 nummi
1104 1940 1136 2005 C.
1153 1941 1286 2006 Antistii
1297 1940 1420 2005 Veteris
1443 1940 1519 2006 facti
1541 1939 1611 2026 6000
1634 1961 1726 2018 0550,
1751 1942 1914 2026 05015500

567 2041 740 2108 0010500600
760 2065 828 2108 0000
845 2050 976 2120 0050606,
1000 2067 1032 2108 5.
1050 2045 1153 2110 0738
1177 2045 1357 2129 (5055016,
1376 2046 1454 2124 104;
1479 2052 1556 2111 0500.
1574 2045 1770 2110 5660050000
1791 2067 1822 2130 p.
1834 2046 1912 2129 742),

566 2149 598 2210 in
624 2168 758 2230 quorum
782 2147 879 2228 altero
903 2148 1042 2213 comitur
1065 2149 1210 2213 sacerdes
1233 2149 1273 2214 ad
1298 2170 1383 2212 aram
1407 2148 1586 2212 sacrificans
1609 2168 1682 2213 cum
1697 2149 1912 2234 adscriptione:

565 2272 626 2333 pro
649 2252 827 2315 valetudine
846 2251 997 2316 60000060
1020 2274 1047 2317 r.
1061 2272 1095 2333 p.
1114 2255 1209 2334 016,
1232 2253 1268 2315 in
1291 2252 1389 2317 altero
1411 2260 1519 2316 autem
1533 2251 1649 2336 Apollo
1663 2251 1733 2338 ipse
1751 2260 1814 2318 stat
1828 2253 1912 2317 sacri-

565 2355 662 2418 ficans
687 2374 760 2420 cum
782 2353 1006 2439 adscriptione:
1034 2358 1178 2437 Apollini
1200 2360 1304 2422 Aetio.
1353 2357 1464 2440 160050
1486 2361 1561 2422 5060
1582 2355 1641 2419 6110
1661 2375 1718 2440 000
1742 2356 1912 2421 5010655650

566 2458 708 2523 Caesaris
732 2457 986 2542 suscipiebantur
1005 2459 1149 2544 Apollini
1170 2460 1272 2537 Actio,
1296 2459 1353 2542 qui
1376 2481 1450 2524 eum
1473 2459 1525 2524 vel
1546 2459 1685 2526 maxime
1707 2460 1912 2545 reipublicae

565 2568 732 2626 servasset.
775 2562 888 2626 Paullo
915 2563 1021 2626 minus
1044 2562 1180 2647 proprie,
1209 2563 1352 2628 sednon
1381 2569 1499 2628 temere
1522 2563 1777 2647 quinquennales
1800 2565 1833 2628 hi
1852 2563 1912 2627 ludi

564 2671 708 2750 poterant
731 2665 884 2730 celebrari
906 2667 1008 2732 videri
1030 2673 1158 2753 propter
1178 2667 1391 2752 principatum
1406 2688 1514 2753 pugna
1528 2667 1586 2733 illa
1599 2668 1732 2734 Actiaca
1745 2668 1910 2734 fundatum.

567 2771 766 2852 Quamquam
795 2790 858 2834 non
880 2777 1008 2856 propter
1030 2771 1089 2836 hoc
1112 2771 1326 2836 resuscitarim
1355 2779 1494 2838 veterem
1521 2772 1641 2838 Norisii
1668 2773 1848 2863 opinionem
1868 2772 1911 2836 de·

564 2873 745 2940 cennalium
773 2880 805 2938 et
833 2873 1121 2958 quinquennalium
1155 2875 1428 2960 imperatoriorum
1459 2876 1612 2959 originem
1640 2877 1680 2942 ad
1707 2875 1803 2943 hosce
1831 2875 1912 2942 ludos

562 2977 749 3043 referentem
771 2977 816 3061 (5.
829 2977 990 3055 5015018,
1004 2979 1102 3064 476);
1127 2979 1180 3044 056
1202 2979 1425 3064 006560565οο
1447 2981 1586 3046 maxime
1607 2981 1723 3057 obstat,
1747 2981 1833 3065 0505
1853 2978 1913 3046 ludi

563 3081 602 3147 de
626 3081 742 3166 quibus
766 3080 888 3164 agimus
910 3081 1062 3149 celebrati
1082 3090 1235 3149 0556505
1256 3105 1313 3169 per
1329 3083 1558 3168 quinquennia,
1583 3085 1639 3150 sed
1662 3084 1776 3169 quinto
1799 3104 1912 3171 quoqne

562 3208 654 3251 anno.
699 3186 798 3252 Multo
821 3186 927 3253 minus
951 3193 1025 3251 5060
1046 3188 1125 3253 5000
1148 3188 1260 3271 056560
1283 3209 1410 3271 050050
1433 3210 1515 3256 0550
1538 3196 1686 3276 05000060
1701 3197 1733 3255 06
1748 3212 1823 3256 cum
1835 3188 1911 3257 ludis

562 3290 730 3357 ceniuucta
751 3290 901 3356 confundi
923 3290 1049 3365 debent,
1074 3290 1119 3355 sic
1143 3297 1180 3355 ut
1201 3291 1276 3356 60066
1290 3292 1468 3378 Zumptius,
1494 3315 1566 3359 cum
1587 3293 1667 3359 votis
1690 3295 1807 3360 annuis
1829 3294 1910 3362 factis

563 3394 603 3461 ab
626 3392 843 3461 sacerdotibus
867 3392 1014 3459 omnibus
1038 3392 1205 3477 utriusque
1229 3416 1324 3460 serus
1345 3416 1401 3482 pro
1417 3397 1519 3461 salute
1534 3397 1733 3482 imperatoris
1747 3398 1909 3465 5601058

563 3498 651 3581 (vide
667 3516 748 3581 quae
764 3496 868 3563 dehis
885 3497 952 3561 dixi
975 3498 1009 3565 6.
1026 3499 1050 3561 Ι.
1067 3498 1101 3563 L.
1125 3500 1141 3563 1
1165 3521 1195 3583 0.
1209 3500 1302 3585 388).
1332 3540 1374 3551 -—
1404 3502 1509 3568 Ludos
1533 3503 1624 3568 Actio
1648 3501 1793 3588 Apollini
1815 3521 1909 3567 sacros

562 3601 657 3667 etiam
686 3601 720 3666 in
747 3602 826 3665 urbe
855 3601 1028 3669 celebratos
1057 3623 1129 3667 esse
1156 3622 1244 3669 more
1273 3604 1390 3669 Graeco
1419 3612 1450 3673 06
1479 3605 1645 3681 50506000,
1675 3611 1713 3672 56
1739 3605 1910 3671 habuerunt

561 3706 684 3771 Actiaci
713 3705 769 3788 qui
797 3705 941 3789 Nicopoli
970 3705 1158 3783 edebantur,
1187 3727 1319 3790 agonem
1345 3709 1503 3773 musicum
1530 3716 1563 3773 et
1590 3709 1774 3793 gymnicum
1802 3710 1909 3774 060005-

560 3830 674 3894 000050
697 3809 841 3893 (116053,
862 3810 895 3892 1)
919 3810 1083 3894 probabile
1107 3818 1170 3891 est3
1199 3811 1239 3877 de
1261 3812 1456 3878 circensibus
1479 3834 1535 3897 per
1558 3833 1672 3899 pueros
1694 3814 1842 3897 virosque
1861 3830 1908 3876 no·

561 3914 654 3981 biles.
671 3913 765 3982 editis
795 3914 891 3981 etiam
914 3915 1049 3979 Dionem
1071 3916 1210 3981 seribere
1237 3916 1375 3981 vidimus
1402 3917 1603 4000 athletasque
1630 3918 1753 4003 pugiles
1777 3914 1907 3982 inludis

560 4018 610 4083 his
634 4024 770 4081 certasse
794 4038 833 4081 ex
849 4017 998 4083 Suetonio
1019 4019 1116 4101 (Aug.
1132 4018 1192 4103 44)
1217 4018 1383 4105 colligitur.
1409 4020 1618 4087 -Videntur
1641 4027 1746 4090 autem
1768 4021 1837 4087 ludi
1858 4039 1907 4104 pro

559 4120 741 4185 valetudine
765 4120 909 4185 Caesaris
937 4140 999 4187 non
1029 4121 1160 4185 durasse
1185 4129 1258 4205 post
1286 4144 1450 4189 excessum
1475 4125 1620 4207 Augusti.
1670 4126 1752 4192 Nam
1778 4125 1907 4211 primum

559 4233 654 4289 uteo
676 4233 799 4290 mortuo
823 4224 975 4291 desierint
1003 4231 1035 4293 06
1057 4225 1117 4290 Dio
1146 4226 1252 4293 innuit
1279 4234 1310 4291 et
1333 4236 1577 4293 consentaneum
1600 4237 1659 4311 est,
1681 4252 1755 4294 cum
1776 4226 1908 4312 suscepti

533 4316 534 4321 ¹
560 4336 666 4393 000056
696 4329 736 4393 05
767 4346 839 4396 eam
861 4349 988 4395 causam
1019 4348 1115 4411 quam
1143 4329 1298 4408 diximus3
1328 4331 1441 4396 deinde
1468 4340 1541 4417 post
1567 4329 1648 4401 illud
1677 4340 1805 4419 tempus
1830 4339 1908 4397 certo

559 4452 668 4497 eorum
689 4431 778 4497 nulla
799 4431 952 4499 memoria
975 4439 1128 4517 superest,
1153 4454 1234 4516 quas
1256 4435 1311 4499 vix
1334 4435 1480 4501 deiiceret
1495 4436 1530 4500 in
1545 4443 1632 4503 60560
1648 4438 1794 4503 ludorum
1810 4437 1906 4521 splen-

559 4536 633 4601 dore
662 4541 814 4619 tantaque
849 4536 887 4601 de
917 4536 1003 4601 ludis
1031 4537 1144 4603 aetatis
1178 4538 1400 4623 imperatoriae
1427 4540 1678 4614 testimoniorum
1708 4540 1905 4607 abundantia.

559 4642 649 4705 Certe
677 4660 756 4722 quae
783 4641 965 4724 posterioris
992 4642 1143 4726 temporis
1172 4642 1361 4707 documenta
1388 4644 1495 4709 attulit
1517 4644 1778 4711 Friedlaenderus
1806 4643 1906 4729 (apud

557 4745 730 4811 Beckerum
745 4745 778 4807 in
795 4745 912 4811 enchir.
925 4748 955 4823 4,
968 4747 1049 4830 488)
1064 4752 1217 4829 tanquam
1232 4748 1424 4831 pertinentia
1439 4749 1479 4812 05
1496 4748 1587 4814 15500
1602 4750 1749 4813 Actiacos
1763 4750 1904 4821 urbanos,

558 4870 596 4913 ea
620 4849 676 4913 ubi
698 4848 806 4932 paullo
829 4850 1006 4915 accuratius
1029 4850 1227 4935 expenderis,
1250 4851 1416 4934 intelleges
1433 4852 1472 4917 ad
1491 4852 1635 4920 Actiacos
1651 4853 1824 4919 celebratos
1839 4871 1922 4915 cum·

557 4953 636 5019 alibi
657 4959 725 5017 tum
745 4952 889 5039 Nicopoli
919 4954 974 5038 (cf.
999 4955 1032 5018 Ο.
1049 4955 1074 5019 Ι.
1091 4956 1144 5019 Gr.
1168 4956 1296 5021 55804
1325 4956 1436 5040 ibique
1457 4976 1539 5041 quae
1561 4957 1713 5039 06605650)
1743 4962 1799 5021 056
1818 4972 1904 5039 00000

556 5056 665 5123 0060006
688 5062 743 5122 056
766 5057 864 5123 etiam
887 5057 1017 5139 debere;
1043 5078 1146 5143 neque
1169 5058 1296 5125 omnino
1320 5062 1467 5127 convenit
1488 5061 1574 5127 ludis
1597 5061 1648 5125 his
1670 5082 1786 5127 nomen
1804 5057 1904 5124 Actia-

556 5182 672 5229 00055.
690 5160 894 5229 —Ceterum
917 5162 978 5231 etsi
999 5162 1033 5226 in
1054 5162 1240 5232 universum
1263 5162 1302 5229 de
1324 5164 1382 5230 hoc
1402 5165 1470 5234 1000
1483 5165 1549 5232 iam
1565 5164 1708 5232 decisum
1723 5172 1782 5243 est,
1803 5171 1903 5229 tamen
