4400 6175
726 1089 752 1148 I.
790 1085 1090 1164 BVSBEQVIANA
1109 1085 1317 1148 EXEMPLA.

452 1235 922 1322 Busbequianumexemplum
950 1237 998 1302 ita
1024 1243 1193 1322 exceptum
1216 1257 1304 1314 esse,
1334 1242 1371 1302 ut
1393 1257 1432 1302 ex
1455 1237 1633 1322 Busbequii
1654 1257 1703 1302 co·

342 1339 476 1409 mitibus
507 1339 565 1404 alii
590 1339 689 1406 aliam
716 1341 866 1426 paginam
895 1339 1131 1417 describerent,
1162 1339 1298 1406 efficitiu
1325 1360 1364 1404 ex
1393 1341 1594 1407 adnotatione
1616 1342 1704 1406 115151

343 1445 388 1527 (v.
417 1444 513 1529 mox)
541 1442 582 1512 od
609 1443 761 1529 paginam
787 1443 932 1510 tertiam:
958 1443 1051 1508 ‘nota
1073 1445 1114 1508 ll.
1137 1445 1393 1520 mancionem,
1422 1447 1505 1510 bono
1532 1450 1565 1510 3.
1590 1449 1704 1512 lincam

345 1549 517 1632 (popinam
538 1548 702 1633 intellege)
730 1569 777 1612 me
799 1552 904 1631 ipsam
927 1551 1089 1614 laboriose
1113 1551 1336 1631 descrimine,
1367 1570 1434 1614 cam
1456 1553 1516 1615 clii
1540 1554 1617 1616 aliis
1639 1553 1704 1616 dis·

345 1655 488 1718 tributim
511 1673 675 1736 spasmus
699 1655 848 1736 efficium.
900 1651 993 1718 Unde
1020 1671 1084 1718 non
1107 1653 1224 1718 mirum
1253 1659 1302 1718 est
1330 1652 1472 1718 (11555555
1495 1653 1704 1741 descriptores

344 1777 413 1822 rem
435 1757 605 1842 perfecisse
627 1778 779 1822 successu
807 1755 979 1822 admodum
1002 1755 1144 1820 diverso:
1173 1776 1248 1820 nam
1276 1756 1393 1842 pagina
1420 1757 1516 1823 tertia
1538 1757 1706 1826 exhibetur

345 1860 484 1944 integra,
515 1868 629 1944 quarta
656 1860 780 1943 integra
801 1859 1028 1945 propemodum
1053 1861 1097 1944 (v.
1111 1859 1236 1924 1-30.
1253 1859 1305 1925 38.
1322 1861 1497 1946 40-54),
1525 1868 1562 1928 ut
1584 1859 1624 1928 de
1646 1861 1706 1928 hac

346 1965 424 2029 adeo
439 1964 601 2030 adscribat
614 1964 744 2030 Belsusz
759 1974 839 2030 acta
852 1967 914 2030 bec
928 1967 1012 2029 serie
1026 1985 1085 2028 acc
1098 1965 1236 2044 5555555,
1251 1965 1362 2028 sedam
1375 1984 1500 2029 5555555
1514 1967 1706 2048 desiderari,

346 2069 542 2154 reliquarum
571 2075 678 2154 partes
707 2069 841 2152 exiguae
869 2076 993 2134 tantum
1023 2074 1057 2134 et
1083 2069 1149 2133 lere
1180 2068 1704 2154 515155155(1,1-4.8,1-14.

347 2175 493 2250 5,1-8.
518 2172 719 2257 o,1.9.13).
771 2173 851 2240 Novi
874 2179 982 2238 autem
1010 2172 1185 2259 apographi
1211 2173 1259 2238 ita
1280 2162 1448 2240 coniuncta
1470 2194 1565 2262 opera
1586 2175 1706 2240 Busbe·

347 2279 538 2362 quianorum
561 2277 665 2342 ellecti
686 2277 834 2362 exempla
855 2277 976 2364 scripta
997 2277 1122 2344 editave
1145 2276 1237 2343 haec:

439 2430 478 2514 1)
501 2428 590 2493 Β5151
616 2428 650 2494 15
683 2429 804 2514 sylloge
830 2429 870 2494 ad
893 2429 1211 2496 Dornschwammum
1241 2430 1342 2495 missa
1375 2429 1463 2515 (cod.
1493 2429 1596 2494 Gusll.
1624 2433 1706 2513 Aug.

345 2534 400 2600 fol.
419 2536 472 2612 77,
498 2534 549 2618 l),
574 2532 613 2598 ds
636 2553 701 2617 qua
724 2532 863 2600 diximus
885 2534 919 2598 in
936 2535 970 2599 C.
983 2535 1009 2599 1.
1021 2535 1056 2599 L.
1072 2535 1104 2598 ΙΙ
1120 2556 1150 2620 p.
1163 2537 1201 2611 4,
1225 2534 1533 2600 1358--351551
1554 2534 1707 2621 praescri-

348 2638 448 2702 bitur:
473 2641 591 2702 Aocire
613 2640 648 2700 io
665 2639 796 2702 Galatia
817 2642 985 2703 maximam
1003 2643 1162 2722 palatium
1181 2641 1245 2721 fait
1268 2641 1416 2722 Aopusti,
1444 2641 1497 2704 ubi
1520 2643 1553 2703 in
1575 2643 1708 2704 introita

349 2763 390 2805 eo
411 2751 543 2823 555555
564 2750 657 2823 perta
679 2761 733 2806 res
754 2751 845 2822 peste
867 2745 1006 2824 depasti
1028 2746 1130 2811 incise
1152 2745 1294 2825 fueruat,
1325 2763 1407 2826 quoe
1429 2765 1492 2809 neo
1516 2747 1622 2808 omnic
1646 2747 1709 2826 lepi

347 2853 519 2926 potuerant
541 2865 679 2928 paceque
700 2849 795 2910 etiam
811 2847 947 2931 (leym)
960 2849 1208 2929 prohibebamur
1231 2849 1271 2912 ob
1288 2869 1474 2912 concursum
1490 2850 1707 2913 barbarorum.

347 2947 540 3034 Exemplum
562 2950 652 3015 laede
673 2950 815 3034 corrupit
836 2950 987 3015 librarius
1009 2949 1279 3037 imperitissimus.

438 3102 478 3186 2)
501 3101 720 3168 codViudob.
744 3102 823 3168 bibl.
840 3104 929 3168 Caes.
952 3102 1081 3168 58219
1106 3102 1196 3187 (hist.
1220 3102 1299 3190 prof.
1323 3123 1354 3167 n.
1369 3102 1448 3185 3303
1474 3102 1584 3168 Chmel
1602 3104 1633 3185 2,
1649 3102 1707 3187 31)

348 3205 495 3290 exempla
516 3207 579 3271 tris
602 3207 743 3271 continet
764 3206 904 3293 primum
920 3206 1084 3291 quadratis
1108 3207 1224 3272 litteris
1241 3206 1395 3293 seriptum
1410 3206 1550 3293 plenum,
1575 3206 1709 3272 alterum

348 3308 425 3373 item
449 3310 631 3394 quadratis,
663 3310 747 3395 qued
770 3330 834 3375 555
856 3310 999 3397 procedit
1027 3312 1113 3376 ultra
1135 3314 1352 3395 qoodropiecs
1376 3313 1412 3391 2,
1434 3314 1471 3389 4,
1500 3311 1630 3376 tertium
1652 3311 1710 3376 mi-

348 3414 492 3479 nusculis
514 3415 630 3481 litteris
646 3414 801 3500 scriptum
817 3415 930 3480 finiens
953 3416 987 3480 iu
1011 3420 1141 3481 51551155
1160 3419 1190 3494 4,
1208 3418 1262 3481 48.
1302 3402 1534 3482 Praescribitur
1551 3412 1711 3499 ‘Ancyrae

348 3523 384 3581 in
407 3518 584 3585 tuborbio’.

438 3644 479 3729 3)
504 3646 571 3711 cod.
585 3646 687 3711 Vatic.
705 3648 790 3711 6217
815 3646 838 3713 f.
855 3648 929 3713 280.
944 3647 1142 3713 293-295.
1181 3646 1257 3711 Vidi
1278 3651 1413 3723 tantum,
1437 3665 1501 3711 555
1524 3645 1689 3731 descripsi.

437 3773 480 3858 4)
503 3770 650 3839 Andreae
673 3773 811 3850 Schotti,
842 3775 899 3859 qui
922 3782 1088 3862 acceptum
1116 3794 1135 3839 5
1156 3774 1340 3859 Busboquio
1370 3774 1493 3860 primus
1517 3772 1618 3839 edidit
1639 3795 1711 3840 cum

348 3877 480 3944 Aurelio
495 3878 620 3945 Victore
643 3878 857 3965 (Antverpiae
872 3879 971 3963 1579)
995 3880 1094 3945 schol.
1118 3900 1149 3964 p.
1164 3880 1205 3943 69
1218 3899 1266 3963 sq.

437 4039 478 4118 5)
502 4034 603 4123 Lipsii
624 4036 660 4102 in
682 4038 823 4103 auctario
847 4037 967 4123 (1588)
990 4057 1022 4123 p.
1033 4038 1174 4114 19-22,
1199 4036 1250 4101 cui
1273 4036 1362 4102 misit
1382 4034 1521 4122 primum
1543 4036 1613 4122 ipse
1631 4036 1712 4103 Bue-

348 4140 566 4227 bequius'(v.
591 4141 692 4228 Lipsii
715 4142 807 4227 epist.
840 4142 880 4207 ad
905 4142 1050 4207 Clusium
1078 4141 1210 4228 postrid.
1240 4140 1284 4205 id.
1315 4142 1380 4205 Ian.
1406 4161 1435 4204 a.
1451 4142 1535 4207 1588
1565 4141 1651 4207 edita
1679 4142 1712 4205 in

348 4266 420 4329 opp.
446 4266 517 4331 epp.
541 4253 622 4310 cent.
639 4246 659 4311 2
675 4267 707 4309 u.
721 4246 789 4331 24),
814 4244 929 4310 deinde
953 4246 1084 4311 Carolus
1101 4244 1229 4311 Clusius
1252 4265 1317 4311 una
1338 4256 1411 4310 eum
1435 4244 1573 4331 epistula
1596 4246 1714 4332 scripta

348 4350 490 4415 Viennae
506 4350 654 4415 Austriae
675 4371 713 4418 xi
735 4351 766 4417 h.
781 4351 859 4436 Apr.
878 4351 962 4416 1587
987 4349 1096 4435 (edita
1117 4351 1152 4414 in
1176 4350 1316 4435 syllegae
1338 4350 1594 4415 Burmannianae
1617 4351 1711 4415 5511

348 4474 380 4538 p.
394 4454 472 4533 3113
504 4453 556 4518 cui
582 4455 747 4539 respondit
769 4454 896 4540 Lipsius
927 4454 1066 4540 epistula
1094 4454 1188 4519 modo
1212 4454 1339 4537 citata).
1394 4454 1521 4519 Clusius
1545 4453 1714 4539 adscripsit

347 4557 570 4643 Busbequium
586 4558 792 4625 Vindobonae
815 4564 991 4624 morantem
1014 4580 1034 4623 a
1056 4580 1091 4624 se
1113 4565 1257 4643 rogatum
1280 4578 1388 4624 omnes
1413 4557 1600 4624 schedarum
1621 4559 1713 4624 lasci·

348 4663 438 4727 55155
454 4663 620 4740 evolvisse,
644 4669 682 4728 ut
698 4664 938 4748 Ancyranarum
956 4664 1140 4729 tabularum
1155 4662 1337 4750 exemplum
1351 4662 1514 4748 reperiret,
1535 4684 1593 4727 nec
1608 4669 1714 4728 tamen

348 4766 512 4831 invenisse
533 4773 645 4832 mutuo
668 4766 779 4833 datum
802 4767 903 4832 amico
927 4766 1054 4832 cuidam
1077 4788 1181 4852 neque
1197 4766 1237 4831 ab
1254 4786 1290 4831 55
1305 4766 1475 4833 redditum.
1515 4766 1666 4831 Secutum
1681 4788 1715 4831 55

348 4891 421 4935 5555
444 4871 626 4957 exemplum
650 4870 828 4937 exhibitum
851 4872 916 4937 sibi
938 4873 1066 4937 51576
1084 4872 1234 4937 aFausto
1250 4871 1399 4937 Verantio
1415 4871 1544 4936 Antonii
1562 4871 1713 4948 Verantii,

350 4973 408 5058 qui
430 4996 503 5039 cum
518 4974 703 5059 Busbequio
717 4976 778 5041 iter
802 4975 885 5039 illud
901 4982 1093 5060 susceperat,
1116 4981 1241 5062 nepote,
1264 4972 1384 5041 vidisse
1401 4983 1565 5062 praeterea
1580 4976 1715 5041 alterum

352 5076 440 5163 apud
456 5077 662 5157 Sambucum,
685 5080 762 5145 item
784 5080 915 5145 tertium
936 5080 1093 5146 nobilium
1117 5080 1314 5165 quorundam
1333 5080 1561 5146 Germanorum
1584 5080 1640 5164 qui
1661 5080 1714 5145 ad-

349 5184 456 5248 ierant
474 5184 635 5269 Ancyram
658 5206 686 5249 a.
702 5185 787 5251 1586
817 5185 1061 5273 exemplumque
1086 5184 1175 5252 tituli
1196 5186 1377 5253 obtulerant
1397 5185 1588 5251 Leunclavio
1609 5184 1715 5251 minue
