4400 6175
750 709 902 765 rlrvhvs
922 707 1140 765 'l'lBVli'l'lNVS
1566 714 1627 775 lli

274 905 330 950 non
353 905 456 970 posse,
485 881 599 948 deinde
623 884 656 947 in
680 883 823 960 Quirinio
846 905 909 949 non
932 883 1035 948 solum
1058 883 1141 949 nihil
1164 885 1300 961 obstare,
1332 885 1389 950 sed
1411 885 1531 951 iudicia
1552 905 1628 969 quo·

273 1010 328 1070 que
352 1008 434 1071 quae
457 1007 553 1071 supra
574 987 801 1063 recensuimus,
827 987 964 1050 maximo
987 986 1129 1050 omnium
1152 987 1338 1071 primarium
1362 988 1521 1073 duplicem
1544 989 1627 1071 lega·

273 1091 384 1156 tionem
407 1091 581 1174 Syriacam,
604 1089 650 1153 ita
672 1089 705 1152 in
728 1111 801 1153 eum
825 1089 1001 1166 convenire,
1025 1095 1062 1153 ut
1084 1090 1248 1156 attributio
1265 1090 1543 1155 Sanolementiana
1564 1111 1627 1156 non

272 1197 367 1259 solum
391 1193 567 1279 probabilis
591 1193 737 1258 habenda
760 1195 810 1271 sit,
836 1194 891 1258 sed
915 1194 1009 1280 plane
1032 1195 1175 1277 probata.

373 1299 422 1362 De
446 1300 478 1362 C.
498 1295 607 1360 Sentio
624 1297 795 1361 Saturnino
819 1317 921 1382 pauca
942 1303 1067 1361 tantum
1090 1297 1243 1373 dicemus,
1267 1297 1323 1360 sed
1348 1317 1430 1380 quae
1453 1297 1623 1362 sufficiant.

270 1403 392 1465 Constat
423 1422 495 1465 eum
524 1418 650 1482 quoque
680 1401 838 1484 accepisse
870 1405 1055 1464 ornamenta
1079 1399 1286 1484 triumphalia
1314 1400 1397 1484 (Dio
1414 1402 1466 1477 54,
1484 1402 1559 1484 28),
1589 1408 1626 1466 ut

270 1511 450 1590 acceperunt
472 1523 510 1568 ea
533 1503 572 1566 ab
589 1504 734 1585 Augusto
756 1503 852 1568 duces
877 1504 1039 1587 aliquanto
1063 1504 1172 1588 plures
1195 1524 1292 1587 quam
1315 1503 1371 1586 qui
1391 1504 1493 1571 iustos
1514 1503 1624 1568 trium·

268 1609 339 1692 phos
363 1609 467 1690 egisse
490 1606 640 1671 dicuntur
666 1627 761 1691 super
790 1605 981 1691 triginta*).
1035 1607 1172 1691 Reliqua
1200 1614 1307 1672 autem
1335 1607 1456 1672 indicia
1477 1607 1540 1672 tria
1561 1627 1623 1672 non

269 1711 507 1776 convenientia
533 1710 750 1776 Saturninum.
791 1711 932 1775 Primum
955 1709 1093 1795 duplicis
1120 1711 1230 1794 Syriae
1253 1710 1420 1793 legationis
1444 1731 1507 1774 non
1530 1710 1623 1776 modo

267 1816 409 1880 memoria
437 1813 528 1878 nulla
550 1821 651 1890 extat,
683 1813 739 1878 sed
762 1835 802 1878 ns
825 1813 930 1880 locum
954 1812 1084 1897 quidem
1108 1815 1278 1898 Zumptius
1301 1815 1331 1879 ei
1354 1814 1497 1879 invenire
1520 1815 1624 1899 potuit

267 1919 320 1982 uisi
342 1921 396 1996 ita,
422 1925 459 1984 ut
482 1917 592 2000 Syriae
615 1917 755 2002 primum
779 1919 950 2002 praefuerit
976 1939 1032 2001 per
1056 1937 1155 1982 annes
1180 1918 1365 1992 tae-731,
1391 1938 1454 2000 quo
1476 1923 1617 2001 ternpore

267 2020 448 2086 Saturninus
471 2020 646 2104 praetorius
671 2021 735 2086 fuit
759 2041 817 2086 nec
840 2041 940 2105 capax
962 2022 1143 2106 provinciae
1166 2021 1308 2086 omnium
1329 2021 1526 2086 confessione
1548 2042 1620 2086 con·

266 2125 380 2189 solaris.
404 2161 447 2172 -
470 2123 591 2188 Deinde
615 2125 761 2207 quamvis
784 2125 953 2208 ignoretur,
979 2145 1041 2210 quo
1065 2145 1147 2190 anno
1172 2126 1362 2190 Saturninus
1386 2126 1470 2190 diem
1493 2125 1617 2202 obierit,

265 2247 316 2290 neo
336 2235 539 2315 memoratur,
552 2235 624 2311 post
646 2248 673 2291 a.
689 2231 752 2294 759
775 2228 870 2311 (Veli.
885 2231 915 2304 2,
932 2230 1004 2292 109.
1021 2230 1098 2312 110)
1119 2235 1239 2294 etanta
1255 2230 1436 2311 Augustum
1452 2249 1524 2292 eum
1539 2248 1620 2293 mor·

265 2337 346 2394 tuum
369 2353 440 2396 esse
464 2337 587 2396 constat
607 2353 645 2395 ex
661 2332 787 2397 silentio
804 2332 917 2410 Taciti,
941 2333 1032 2396 cuius
1048 2333 1180 2397 annales
1196 2333 1237 2396 ab
1253 2352 1385 2397 excessu
1401 2331 1468 2397 divi
1483 2332 1619 2414 Augusti

264 2432 299 2496 ad
314 2455 339 2497 a.
355 2457 386 2498 υ.
403 2457 431 2502 a.
451 2437 516 2500 782
539 2435 654 2518 integri
672 2443 843 2520 supersunt
858 2456 916 2500 nec
933 2435 1109 2500 secundum
1129 2437 1314 2500 institutum
1330 2436 1467 2500 auctoris
1483 2435 1620 2501 detenti

266 2537 321 2599 viri
343 2539 431 2604 obitu
453 2545 558 2602 maere
581 2540 768 2624 potuissent,
794 2539 822 2602 si
845 2540 879 2604 in
901 2540 974 2604 illos
992 2561 1090 2606 annos
1106 2539 1283 2606 incidisset.
1299 2577 1343 2586 —-
1359 2539 1620 2604 Proconsulatum

263 2639 388 2724 deniquo
406 2641 505 2706 Asiae
523 2641 673 2719 excludit,
697 2643 736 2706 de
753 2663 814 2726 quo
831 2643 948 2727 optime
965 2644 1089 2708 monuit
1100 2643 1270 2707 Heneenus
1287 2644 1374 2728 (syll.
1392 2645 1521 2728 plau),
1544 2643 1619 2707 Ter·

262 2745 418 2822 tullianus,
438 2746 493 2828 qui
508 2745 566 2810 ubi
578 2745 777 2828 Carthaginis
794 2747 934 2812 coloniae
950 2747 1035 2811 vices
1053 2747 1190 2811 breviter
1206 2747 1445 2831 comprehendit
1455 2747 1509 2830 (de
1520 2746 1618 2830 pallio

263 2868 284 2909 o.
300 2851 330 2928 l)
352 2849 399 2914 sic
425 2849 545 2925 scribit,
567 2859 643 2930 post
667 2853 782 2931 longus
800 2851 953 2914 Caesaris
977 2870 1084 2913 moras
1105 2853 1230 2913 moenia
1248 2851 1438 2930 Carthagini
1454 2852 1618 2913 Statilium

265 2953 386 3017 Taurum
420 2953 657 3036 (proconsulem
680 2955 805 3018 Africae
830 2954 1033 3037 718-720)
1063 2957 1266 3034 imposuisse,
1293 2956 1461 3017 sollemnia
1484 2975 1617 3016 enarra·

260 3059 335 3121 uisse
357 3060 502 3122 Sentium
525 3059 738 3121 Saturninum.
794 3059 861 3122 Iam
884 3077 955 3121 cum
985 3055 1018 3121 in
1042 3057 1134 3122 fastis
1158 3055 1271 3121 aetatis
1295 3058 1457 3139 Augustae
1481 3062 1545 3120 tres
1568 3056 1615 3120 in·

261 3160 421 3226 veniuntur
437 3160 539 3225 Sentii
556 3160 728 3238 Saturnini,
753 3162 875 3226 scilicet
898 3161 1007 3225 consul
1031 3182 1058 3225 a.
1073 3162 1137 3226 735
1158 3162 1187 3225 is
1204 3162 1260 3245 qui
1276 3168 1385 3247 postea
1402 3161 1511 3246 Syriae
1527 3183 1615 3247 prae-

261 3263 313 3327 fuit
333 3266 457 3348 filiique
481 3264 550 3329 eius
573 3266 634 3330 duo
659 3267 803 3331 consules
825 3274 958 3349 uterque
975 3286 1002 3329 a.
1018 3268 1091 3343 757,
1116 3266 1243 3330 omnino
1260 3272 1349 3350 pater
1365 3265 1423 3329 hoc
1439 3263 1507 3329 loco
1522 3265 1614 3329 intel-

260 3364 406 3448 legendus
428 3374 484 3445 est,
508 3390 549 3432 ne
564 3369 676 3451 longae
700 3390 805 3433 morae
828 3368 946 3433 nimiae
970 3368 1057 3432 fiant.
1105 3370 1217 3452 ltaque
1238 3369 1267 3433 is
1292 3370 1382 3433 cuius
1407 3377 1455 3435 est
1478 3369 1614 3451 elogium

258 3470 465 3549 Tiburtinum,
490 3473 635 3555 quisquis
658 3472 727 3548 fuit,
753 3492 814 3536 non
839 3472 899 3536 fuit
923 3474 956 3536 0.
975 3471 1104 3537 Sentius
1121 3472 1323 3537 Saturninus.

359 3576 534 3640 Videamus
559 3576 597 3640 de
621 3578 654 3639 P.
673 3575 814 3661 Sulpicio
831 3574 985 3653 Quirinio.

336 3682 359 3745 Ι.
400 3679 529 3744 Tacitus
558 3680 598 3744 ad
627 3702 653 3744 a.
671 3702 702 3743 u.
720 3702 746 3744 c.
765 3682 829 3744 774
859 3680 915 3744 ubi
947 3680 985 3743 de
1016 3679 1106 3744 obitu
1135 3680 1273 3757 Quirinii
1302 3681 1399 3744 refert
1428 3682 1473 3744 sic
1503 3680 1614 3745 scribit

257 3782 341 3863 (ann.
358 3786 393 3860 3,
410 3784 489 3868 48):
515 3786 711 3848 consulatum
733 3786 791 3848 sub
816 3786 889 3849 dieo
913 3786 1057 3865 Augusto
1081 3790 1131 3858 (u.
1149 3803 1175 3849 c.
1193 3785 1292 3862 742),
1323 3806 1396 3847 moa
1419 3788 1612 3864 expugnatis

254 3906 306 3964 per
324 3890 472 3955 Ciliciam
488 3890 773 3952 Homonadensium
797 3890 939 3951 castellis
963 3889 1107 3966 insignia
1123 3889 1273 3967 triumphi
1288 3889 1434 3967 adeptus,
1458 3890 1612 3967 datusque

257 4002 354 4056 rector
379 3994 414 4055 0.
435 3992 569 4055 Caesari
586 3992 762 4055 Armeniam
778 3990 931 4053 obtinenti
955 3988 1009 4072 (u.
1026 4009 1052 4051 c.
1070 3988 1168 4072 756).
1217 3988 1331 4053 Strabo
1352 3990 1400 4065 12,
1418 3990 1448 4065 6,
1466 3990 1485 4052 5
1502 4011 1531 4073 p.
1546 3990 1610 4054 569

256 4093 318 4158 Cas.
342 4101 514 4181 postquam
537 4097 676 4160 narravit
698 4094 966 4170 Homonadenses,
992 4094 1048 4177 qui
1072 4100 1147 4157 sunt
1169 4093 1203 4157 in
1227 4112 1351 4157 summo
1374 4101 1480 4158 monte
1495 4094 1609 4170 Tauro,

255 4196 447 4264 interfecisse
472 4200 643 4282 Amyntam
667 4219 772 4282 regem
797 4197 938 4261 Galatiae
968 4196 1210 4279 vicinarumque
1237 4196 1401 4277 regionum
1424 4197 1470 4260 ita
1491 4198 1608 4281 pergit:

254 4299 384 4372 ἐκείνους
407 4303 494 4384 (τοὺς
511 4300 720 4387 Ὃρυναδέας)
746 4304 779 4365 δὲ
804 4300 941 4387 Κυρίνιος
966 4300 1151 4386 ἐξεπόρθησε
1180 4303 1257 4385 λιμῷ
1285 4301 1337 4363 καὶ
1358 4302 1610 4386 τετρακισχιλίους

254 4402 355 4490 ἄνδρας
382 4407 535 4491 ἐζώγρησε
558 4408 609 4469 καὶ
633 4406 794 4492 συνῴκισεν
819 4406 935 4475 εἰςτὰς
959 4406 1048 4488 ἐγγὺς
1070 4404 1182 4482 πόλεις,
1206 4406 1259 4488 τὴν
1284 4405 1319 4466 δὲ
1342 4406 1444 4488 χώραν
1468 4404 1608 4467 ἀπέλιπεν

254 4504 357 4593 ἔρημον
383 4514 441 4573 τῶν
466 4510 497 4573 ἐν
521 4510 613 4594 ἀκμῇ.
646 4510 801 4593 Amyntas
825 4530 880 4571 rex
903 4528 1014 4571 caesus
1038 4514 1086 4572 est
1110 4529 1137 4571 a.
1154 4529 1186 4573 u.
1202 4530 1228 4570 o.
1247 4509 1325 4585 7293
1352 4507 1609 4571 Homonadenses

320 4815 348 4875 *)
368 4815 526 4883 Quamquam
547 4830 681 4867 numerum
701 4816 777 4879 hanc,
796 4830 873 4885 quem
892 4815 981 4883 posuit
999 4816 1141 4869 Suetonius
1155 4815 1222 4882 Aug.
1236 4813 1280 4877 38,
1300 4814 1406 4865 nimium
1427 4828 1486 4866 esse
1505 4812 1608 4865 tabulae

252 4897 327 4952 huius
348 4903 472 4969 temporie
491 4901 661 4969 triumphales
680 4902 823 4955 ostendunt
839 4903 891 4954 iam
910 4901 1043 4969 expletae:
1068 4916 1128 4953 uam
1146 4902 1179 4952 ab
1199 4916 1221 4951 a.
1236 4899 1285 4951 711
1308 4903 1337 4950 ut
1355 4899 1499 4966 triumphos
1518 4914 1608 4951 omues

253 4999 369 5039 nurneres
388 4990 490 5053 praeter
509 4988 592 5057 ipsius
613 4986 725 5055 Augusti
744 4989 879 5040 ovationes
905 4988 969 5041 duas
994 4988 1190 5056 triumphosque
1210 4991 1263 5039 tres
1283 4991 1309 5038 et
1328 4986 1435 5038 Antonii
1454 4987 1608 5048 arabonam,

254 5084 303 5121 uon
323 5074 484 5140 reperiuntur
503 5074 554 5126 nisi
573 5074 624 5126 duro
643 5076 670 5125 et
688 5072 789 5141 viginti.
