4400 6175
847 731 1060 798 nm-mc
1591 739 1634 804 ῃ

284 910 380 968 tamen
405 909 571 990 propterea
597 902 786 970 crediderim
813 905 968 992 principis
997 907 1173 973 iuventutis
1204 909 1390 994 dignitatern
1416 919 1516 978 totam
1543 914 1633 980 novi-

284 1007 357 1072 ciam
378 1027 447 1072 ease
469 1027 571 1092 neque
593 1007 660 1074 ullo
683 1007 775 1073 modo
799 1009 992 1095 applicatam
1008 1010 1047 1075 ad
1064 1012 1228 1097 antiquam
1251 1015 1298 1079 rei
1320 1015 1468 1101 publicae
1482 1017 1633 1098 formam3

284 1111 370 1175 immo
391 1131 500 1176 verum
523 1111 604 1176 vidit
627 1111 661 1176 in
683 1112 868 1178 universum
891 1113 1104 1199 spanhemius
1128 1116 1183 1201 (de
1207 1137 1267 1182 usn
1290 1125 1322 1183 et
1343 1126 1460 1204 praest.
1483 1122 1634 1188 numism.

285 1216 310 1291 2,
325 1215 400 1298 359)
423 1215 636 1300 principatum
658 1216 832 1281 iuventutis
855 1224 1001 1302 repetens
1031 1239 1070 1284 ex
1093 1219 1233 1285 seviratu
1251 1223 1397 1305 equitnm
1410 1224 1633 1291 Romanorum.

283 1317 355 1382 Nam
375 1339 446 1382 cum
460 1319 620 1406 principes
635 1321 810 1386 iuventutis
826 1328 950 1387 constet
963 1320 1046 1387 inter
1069 1343 1178 1388 omnes
1200 1325 1300 1390 luisse
1315 1327 1474 1413 principes
1490 1329 1634 1414 equitum

284 1423 499 1502 Romanorum,
535 1424 632 1488 scviri
667 1431 774 1490 autem
803 1425 946 1509 equitum
975 1426 1189 1494 Romanorum
1217 1449 1281 1494 non
1309 1431 1375 1496 sint
1401 1431 1466 1496 nisi
1491 1431 1633 1518 ipsorum

283 1525 414 1608 equitum
437 1525 543 1604 duces,
567 1527 636 1591 fieri
659 1547 722 1592 non
745 1533 858 1612 potest,
884 1529 961 1612 quin
985 1530 1082 1596 etiam
1106 1531 1146 1596 ad
1162 1533 1281 1597 seviros
1304 1534 1354 1599 illi
1375 1534 1535 1620 principes
1557 1554 1633 1620 quo·

284 1628 436 1694 dammodo
459 1629 672 1716 pertinuerint
700 1637 733 1695 et
759 1631 842 1696 inter
870 1651 923 1697 eos
950 1633 1153 1718 potissimum
1178 1635 1378 1702 eminuerint.
1430 1637 1540 1722 Neque
1564 1639 1633 1704 eins

284 1733 500 1800 coniunctionis
525 1743 709 1817 argumenta
732 1735 890 1814 deficiunt,
914 1743 998 1803 recte
1015 1739 1173 1824 explicata
1195 1740 1445 1823 ahlarqnardtio
1468 1741 1557 1825 (hist.
1582 1762 1632 1826 eq.

283 1859 309 1921 p.
322 1838 387 1922 76).
433 1840 485 1903 lta
506 1839 644 1905 Zonaras
668 1840 718 1905 vel
747 1841 854 1926 potius
878 1841 937 1906 Dio
964 1842 1032 1907 loco
1059 1843 1152 1909 modo
1176 1843 1273 1909 allato
1295 1843 1398 1927 iungit
1419 1845 1634 1931 principatum

283 1940 444 2007 iuventutis
467 1949 500 2006 et
522 1942 695 2008 seviratum
716 1949 856 2022 turmae;
880 1943 927 2008 ita
941 1943 983 2008 M.
996 1945 1164 2009 Aurelium
1177 1946 1343 2011 Gaesarem
1367 1968 1439 2011 cum
1455 1947 1541 2013 Dio'l
1547 1951 1575 2026 l,
1589 1949 1631 2013 35

283 2046 389 2112 scribat
408 2053 576 2131 tamquam
604 2045 780 2132 principem
808 2047 963 2131 equestris
986 2047 1107 2114 ordinis
1132 2049 1300 2136 (πρόκριτον
1322 2055 1375 2135 τῆς
1398 2051 1537 2135 ἱππάδος)
1561 2072 1634 2116 cnm

284 2152 401 2236 reliquis
431 2152 596 2237 equitibus
626 2171 774 2238 pompam
802 2151 948 2229 duxisse,
984 2153 1176 2240 biographus
1205 2154 1274 2220 eius
1303 2175 1329 2218 e.
1353 2156 1373 2218 6
1403 2152 1535 2219 eandem
1564 2155 1633 2219 sine

284 2255 369 2321 dubio
396 2277 464 2322 ram
494 2256 540 2332 sic
570 2256 660 2321 eiiert
687 2256 825 2321 sevirum
855 2275 929 2320 eum
956 2264 1097 2322 creatum
1125 2278 1195 2322 esse
1216 2257 1331 2323 turmis
1355 2257 1498 2342 equiturn
1520 2258 1633 2323 Roma-

284 2379 391 2425 norum.
430 2361 536 2438 Quare
558 2359 717 2445 principes
740 2359 915 2424 iuventutis
938 2361 1050 2428 aetatis
1073 2361 1295 2447 imperatoriae
1316 2361 1525 2447 probabiliter
1546 2382 1633 2447 repe·

283 2469 378 2528 teutur
399 2485 418 2529 a
440 2462 556 2529 scviris
583 2463 651 2528 illis
673 2463 909 2528 vetustissimis.
955 2463 1087 2550 Equites
1115 2472 1222 2531 autem
1243 2465 1401 2531 Romanos
1425 2470 1549 2529 constat
1568 2472 1634 2530 tur-

284 2569 381 2634 matim
409 2568 573 2634 ordinatos
604 2588 673 2632 esse
703 2568 901 2653 singulisque
930 2569 1043 2634 turmis
1079 2589 1211 2635 numero
1246 2568 1458 2654 quinquginta
1485 2575 1635 2653 quattuor

284 2676 444 2759 praefuisse
475 2674 661 2740 decuriones
689 2680 794 2739 ternos
821 2681 853 2738 et
880 2675 1023 2759 optiones
1052 2681 1172 2752 ternos,
1204 2673 1260 2758 qui
1282 2679 1358 2737 sunt
1379 2672 1444 2758 ipsi
1465 2673 1515 2737 illi
1538 2674 1635 2740 sevini

285 2778 328 2860 (v.
354 2778 425 2844 hist
449 2779 541 2844 Rom.
570 2797 659 2841 meae
689 2776 781 2842 vol.l
814 2780 921 2862 pto?
947 2776 995 2840 ed.
1011 2777 1070 2860 4);
1100 2776 1185 2841 unde
1214 2777 1270 2860 qui
1298 2776 1634 2843 honorificentissimus

285 2879 359 2946 locus
382 2887 449 2948 erat
478 2883 512 2946 in
536 2879 645 2946 ordine
669 2880 809 2964 equestri
831 2880 952 2965 primae
974 2885 1097 2944 turmae
1128 2880 1224 2945 trium
1248 2879 1463 2957 decurionum,
1493 2901 1566 2945 eum
1588 2882 1634 2946 vi·

285 2983 386 3051 dentur
408 3005 580 3072 occupasse
598 2983 694 3048 Gaius
711 2989 742 3048 et
757 2982 873 3048 Lucius
890 2983 1039 3048 Caesares
1062 2982 1243 3066 reliquique
1264 2982 1424 3067 principes
1447 2983 1633 3049 iuventutis.

285 3088 355 3155 Nam
374 3090 483 3177 plures
506 3087 601 3155 simul
624 3088 783 3173 principes
806 3085 980 3152 iuventutis
1003 3107 1073 3151 ease
1095 3087 1236 3173 potuisse
1258 3085 1476 3152 demonstrant
1489 3094 1556 3153 tam
1571 3089 1635 3173 ipsi

286 3192 454 3279 dequibus
486 3194 609 3277 agimus
639 3213 735 3277 quam
763 3198 874 3277 postea
901 3191 1078 3276 imperante
1093 3191 1289 3277 Vespasiano
1314 3191 1464 3257 Caesares
1487 3192 1580 3257 Titus
1604 3200 1636 3259 et

191 3320 192 3329 ¹
286 3296 484 3364 Domitianus.
530 3297 641 3362 Fuisse
665 3302 770 3361 autem
793 3316 846 3361 eos
870 3296 934 3361 nisi
956 3303 1029 3373 tres,
1053 3304 1161 3361 tamen
1191 3295 1365 3373 extribus,
1390 3295 1481 3361 docet
1502 3296 1636 3381 scriptor

287 3402 359 3467 vitae
374 3402 538 3469 Commodi
561 3424 587 3467 c.
603 3404 635 3465 1:
661 3411 828 3483 cooptatus
852 3410 902 3465 est
921 3404 1004 3465 ieter
1020 3411 1085 3465 tres
1107 3403 1197 3465 solos
1221 3400 1334 3484 (immo
1357 3401 1462 3484 solus)
1483 3404 1635 3483 princeps

287 3509 454 3590 iubentutis,
480 3528 548 3571 cvm
571 3514 678 3587 togam
700 3504 891 3588 sumpsit‘).
924 3503 1014 3569 Idem
1037 3504 1223 3569 confirmant
1244 3505 1367 3569 nummi
1383 3505 1479 3570 Getae
1503 3500 1645 3588 (liclrhel'

288 3612 312 3685 7,
328 3612 404 3691 230;
435 3610 544 3677 Cohen
567 3608 659 3673 vol.3
683 3629 714 3693 p.
728 3610 792 3673 472
815 3608 921 3674 n.ll9
945 3629 975 3693 p.
989 3608 1064 3673 480.
1081 3609 1144 3674 481
1169 3630 1201 3672 n.
1217 3608 1432 3692 lit-175),
1462 3608 1497 3673 in
1520 3610 1637 3692 quibus

288 3734 349 3778 curn
365 3716 522 3781 scribatur
535 3716 568 3777 Ρ.
579 3714 748 3794 Septimius
758 3714 838 3776 Geta
848 3712 950 3787 Caes„
964 3714 1068 3793 princ.
1081 3715 1209 3787 iacent,
1227 3732 1305 3787 cos„
1328 3717 1500 3775 cernuntur
1514 3713 1638 3796 equitas

287 3816 339 3882 cito
360 3824 521 3885 curreutes
543 3824 617 3894 tres,
643 3836 777 3899 quorum
799 3837 882 3880 nnus
904 3814 1073 3900 praecedit,
1098 3816 1214 3879 Caesar
1229 3815 1361 3892 scilicet,
1385 3815 1446 3880 duo
1462 3823 1638 3899 sequuntur

287 3920 340 3986 loci
359 3930 394 3988 ut
415 3924 543 3990 videtur
566 3921 724 3985 inferioris
736 3920 798 4003 **).
851 3920 996 4004 Denique
1026 3920 1072 3983 ita
1099 3920 1289 4004 explicetur,
1321 3917 1405 4002 quod
1428 3920 1470 3983 ld.
1488 3919 1637 3984 Aurelius

287 4025 390 4093 Caesar
417 4028 567 4114 princeps
597 4026 772 4091 iuventutis
802 4025 894 4089 ludos
924 4025 1075 4089 sevirales
1105 4023 1206 4089 edidit
1231 4046 1298 4088 cam
1327 4027 1459 4108 collegis
1489 4026 1580 4113 (vita
1593 4026 1635 4091 M.

287 4130 391 4196 Anton.
416 4154 442 4196 c.
458 4132 512 4215 6);
544 4130 645 4195 edidit
667 4130 819 4193 nimirum
846 4149 909 4193 una
932 4150 1005 4193 cum
1028 4128 1169 4212 quinque
1199 4128 1271 4193 aliis
1295 4128 1407 4194 seviris
1430 4135 1553 4194 turmae
1575 4129 1638 4213 pri·

287 4253 356 4301 mae.
399 4236 512 4319 ltaque
536 4235 700 4299 extribus
728 4234 951 4318 decurionibus
974 4235 1096 4320 primae
1119 4241 1242 4299 turmae
1265 4234 1409 4316 equiturn
1426 4235 1640 4299 Romanorum

288 4335 384 4422 siqui
406 4346 475 4405 erat
504 4358 543 4403 ex
566 4338 657 4403 domo
679 4338 882 4423 imperatoria
908 4345 955 4417 et,
985 4344 1022 4404 ut
1044 4338 1089 4402 ait
1112 4336 1245 4403 Ovidius
1269 4338 1361 4414 (artis
1384 4345 1479 4403 amat.
1501 4341 1529 4414 l,
1549 4338 1637 4421 194),
1675 4349 1678 4358 ’

287 4460 362 4507 nuuc
384 4444 536 4511 iuvenum
559 4444 716 4529 princeps,
740 4442 855 4509 deinde
878 4444 1004 4507 iuturus
1028 4462 1150 4519 senum,
1179 4441 1400 4527 appellabatur
1422 4441 1570 4527 princeps
1593 4440 1640 4504 iu-

351 4671 377 4737 ⁸)
395 4676 473 4727 Solae
490 4679 583 4729 auctor
600 4674 701 4727 eddidit
724 4679 830 4743 propter
852 4691 884 4727 ea
902 4690 968 4743 quae
992 4674 1164 4741 praecedunt:
1189 4675 1329 4740 appellatos
1346 4682 1382 4723 est
1403 4672 1495 4722 Caeam
1510 4689 1573 4737 puer
1591 4689 1643 4721 eam

282 4758 360 4821 fratre
373 4760 443 4813 Vero.
472 4760 512 4814 Ab
532 4760 712 4813 emendatione
724 4760 809 4828 Lipsii
827 4776 890 4813 sane
910 4761 1032 4828 speciosa
1050 4763 1113 4813 inter
1132 4762 1248 4811 trossulos
1266 4758 1345 4811 verba
1356 4756 1403 4809 illa
1415 4757 1513 4824 optime
1526 4755 1642 4809 delendit

289 4842 454 4910 Spanhemius
473 4850 489 4899 l.
504 4864 539 4911 c.;
571 4851 642 4899 certe
662 4850 764 4911 auctor,
789 4848 874 4915 qualis
893 4851 934 4900 est
951 4846 1124 4914 biographus,
1147 4849 1234 4898 vetere
1253 4850 1281 4898 et
1297 4845 1374 4912 plane
1397 4842 1516 4897 obsoleto
1537 4844 1641 4895 nomine

288 4932 454 4985 trossulorum
473 4935 573 5001 equites
594 4933 724 5001 appellare
743 4949 795 4987 non
814 4935 907 5002 potuit.

354 5016 393 5081 ”)
421 5020 491 5079 Raro
509 5018 613 5071 additor
635 5018 668 5072 ad
690 5023 744 5073 tres
763 5020 811 5073 hos
831 5021 932 5087 equites
952 5018 1018 5071 alter
1036 5018 1099 5071 ordo
1120 5017 1238 5085 superior
1255 5017 1284 5068 in
1301 5020 1401 5084 partem
1421 5015 1567 5083 oppositam
1585 5029 1642 5065 cur-

289 5115 344 5155 rens
364 5103 464 5164 (Ceben
481 5106 499 5158 l.
513 5122 535 5158 e.
554 5105 670 5169 n.176);
695 5122 760 5174 quae
779 5122 822 5159 res
841 5110 944 5175 spectat
965 5106 1077 5159 fortasse
1097 5105 1130 5157 ad
1148 5108 1246 5156 certam
1264 5103 1377 5171 aliquam
1395 5103 1510 5169 equitum
1532 5114 1642 5168 pompae

290 5188 328 5239 vel
345 5190 505 5246 decursionis
525 5193 641 5247 formam.

1404 5291 1440 5345 3.
