4400 6175
518 717 559 784 54
1123 723 1168 787 IV,
1185 722 1271 775 l—8

627 895 730 960 Aedes
754 895 915 961 Mmercae
937 905 967 960 et
990 896 1123 962 lunonis
1144 898 1287 977 Pacisce
1307 905 1339 960 et
1359 895 1447 961 Iouis
1468 897 1641 962 Libertatis
1662 901 1699 960 in
1712 899 1879 962 Auentino.

521 998 567 1062 Os.
585 997 705 1062 Becher
728 997 767 1063 de
784 999 887 1084 prima
902 999 1017 1084 p.454,
1042 1000 1081 1064 de
1097 1000 1237 1065 secunda
1250 1002 1365 1084 peta,
1389 1000 1428 1064 de
1442 1001 1538 1066 tertia
1551 1002 1654 1084 past
1672 1006 1706 1064 et
1718 1001 1793 1063 721.
1832 1000 1881 1064 De

522 1102 597 1166 Iove
611 1102 782 1182 Libertate,
808 1105 863 1188 qui
876 1102 954 1174 Zaba
970 1105 1144 1190 ἐλευθέριος
1159 1104 1275 1168 dieitur
1288 1103 1455 1189 interpreti
1469 1105 1539 1190 (18,
1552 1103 1621 1188 23),
1648 1102 1883 1168 dubitationem

519 1225 644 1270 omnem
665 1206 782 1272 tollunt
802 1208 891 1274 tituli
911 1207 976 1298 iam
1000 1208 1078 1273 setis
1101 1207 1168 1272 noti
1190 1206 1566 1273 orellian11249.1282.
1606 1205 1711 1271 Aedes
1732 1206 1791 1272 has
1815 1213 1881 1271 tres

519 1309 688 1374 numinum
716 1311 813 1375 trium
836 1311 1086 1396 Capitolinomm
1113 1317 1198 1374 recte
1221 1311 1387 1396 Zumptius
1418 1310 1599 1376 observavit
1624 1329 1688 1375 non
1711 1331 1787 1376 casu
1810 1331 1882 1376 eon·

520 1412 624 1494 iungi,
656 1412 712 1478 sed
735 1414 907 1479 sacrarium
931 1414 1071 1480 effecisse
1099 1413 1309 1498 tripertitum,
1341 1413 1516 1498 habuitque
1543 1414 1640 1495 igitur
1668 1420 1705 1479 ut
1726 1413 1882 1498 Tarpeius

520 1535 611 1580 mons
635 1523 667 1580 et
689 1517 779 1582 collis
803 1519 975 1595 Quirinalis
1000 1520 1114 1603 (Varro
1135 1518 1338 1597 t.1.5‚158;
1363 1519 1482 1583 Reclar
1504 1518 1627 1602 phil)
1657 1516 1755 1581 etiam
1776 1518 1883 1581 Aven-

521 1619 608 1684 tinus
632 1641 724 1684 suum
748 1623 840 1705 quasi
864 1622 1065 1707 Capitolium.
1119 1622 1166 1686 De
1189 1622 1308 1704 origine
1338 1621 1397 1686 hoa
1418 1628 1544 1687 tantum
1566 1619 1746 1704 accepimus
1769 1621 1883 1684 aedem

521 1722 652 1788 Iunonis
674 1725 789 1790 iaemm
818 1745 888 1790 ease
911 1725 998 1789 Veiis
1021 1725 1124 1810 captis
1147 1745 1165 1789 a
1188 1725 1335 1805 Camillo;
1368 1725 1544 1801 Minervae,
1574 1723 1773 1808 quaeaedes
1796 1730 1883 1787 certe

523 1827 628 1892 extitit
649 1828 714 1892 iam
740 1830 825 1894 bello
847 1830 1073 1906 Hannibalico‚
1102 1829 1251 1912 Iovisque
1281 1829 1407 1913 quando
1436 1828 1599 1894 dedicatae
1621 1828 1687 1891 sint
1707 1827 1882 1908 ignoratur.

522 1928 606 1994 Fieri
636 1937 740 2015 potest
769 1939 806 1998 ut
833 1934 891 1998 has
929 1953 1056 2018 quoque
1079 1932 1234 1997 Camillus
1263 1934 1408 1998 excitarit
1435 1934 1596 2016 triumque
1618 1931 1732 1996 herum
1754 1931 1885 1998 aedium

523 2033 609 2115 origo
631 2037 806 2101 communis
830 2038 881 2102 sit.

633 2140 736 2204 Aedes
758 2141 876 2204 Larum
897 2143 932 2202 in
954 2161 1074 2204 samma
1096 2161 1194 2204 sacra
1215 2142 1280 2203 oia.
1316 2140 1362 2202 cf.
1379 2137 1499 2202 Becker
1515 2145 1578 2222 top.
1596 2140 1697 2224 p.101
1715 2143 1749 2202 et
1762 2137 1887 2202 Preller

524 2239 625 2323 myth.
640 2241 730 2307 Rom.
745 2265 776 2328 p.
790 2246 865 2308 497.
901 2245 1004 2309 Huius
1020 2245 1107 2309 aedis
1122 2245 1250 2308 titulum
1268 2264 1338 2307 esse
1354 2243 1489 2307 credidit
1503 2243 1689 2307 Chiehnllus
1704 2241 1886 2326 inscriptio-

524 2364 599 2408 nem
610 2344 636 2410 Ι.
652 2345 689 2409 N.
698 2349 784 2412 6764
795 2375 825 2410 =
835 2347 931 2416 Orell.
943 2351 1038 2426 1668,
1055 2370 1152 2432 quam
1168 2349 1225 2432 qui
1240 2348 1393 2430 originem
1409 2347 1478 2411 eius
1493 2347 1580 2411 solus
1595 2345 1737 2432 prodidit
1747 2343 1887 2410 Ursinus

525 2447 561 2510 in
584 2469 673 2513 sacra
695 2451 748 2516 via
769 2461 924 2537 repertam
948 2473 1018 2516 esse
1041 2453 1167 2518 scribit:
1191 2454 1328 2517 Laribus
1348 2454 1488 2532 publicis
1510 2471 1639 2515 sacram
1661 2453 1734 2531 imp.
1760 2449 1888 2514 Caesar

527 2553 688 2634 depastus
708 2560 858 2639 pontifea
880 2561 1034 2621 monimus
1059 2559 1206 2620 tribunie.
1228 2565 1381 2637 potestat.
1401 2577 1498 2622 Χνιιιι
1520 2577 1563 2620 ea.
1581 2557 1683 2636 stipe,
1713 2574 1805 2635 qaam
1823 2575 1889 2634 po-

524 2658 619 2737 palus
642 2662 673 2721 ei
696 2664 829 2724 eontulit
858 2665 886 2724 lc.
912 2663 1041 2725 tonnas.
1070 2662 1197 2741 apsenti
1222 2661 1257 2723 C.
1277 2660 1421 2724 Calvisio
1439 2661 1560 2724 Sabino
1575 2660 1610 2722 L.
1628 2659 1785 2722 Passieno
1799 2660 1890 2738 linfa

528 2781 595 2825 eos.
620 2760 667 2844 (u.
691 2785 716 2826 c.
731 2765 820 2846 750).
867 2764 1008 2829 Eandem
1031 2764 1135 2829 basim
1159 2764 1286 2828 stetisse
1308 2764 1368 2828 sub
1391 2764 1481 2846 signo
1506 2763 1612 2845 aliqpo
1627 2761 1662 2826 in
1678 2760 1754 2824 aede
1769 2761 1889 2826 Larum

529 2863 670 2930 dedicato
694 2868 877 2934 existimant
899 2868 1057 2933 Prellerus
1081 2875 1158 2951 (reg.
1182 2889 1213 2952 p.
1227 2869 1266 2933 81
1285 2867 1365 2952 not.)
1389 2873 1421 2932 et
1443 2867 1484 2932 ed
1500 2867 1533 2930 h.
1547 2867 1569 2931 l.
1583 2864 1750 2950 Zumptius
1771 2865 1891 2930 collato

527 2966 596 3031 loeo
612 2967 803 3036 Suetoniano
819 2971 900 3054 Aug.
919 2974 960 3036 57
968 2996 976 3034 z
1001 2993 1108 3036 omnes
1131 2974 1260 3036 ordinae
1276 2974 1304 3034 la
1321 2973 1390 3036 Ian.
1407 2981 1547 3036 strenam
1560 2973 1598 3034 in
1614 2971 1775 3051 Capitolio
1791 2972 1893 3032 etiam

528 3073 654 3137 absenti
672 3073 916 3160 (contulerunt),
939 3098 979 3141 en
1001 3098 1065 3159 qna
1087 3098 1208 3141 samma
1226 3078 1464 3158 pretiosissima
1479 3076 1608 3140 deornm
1620 3076 1793 3139 simulacra
1807 3094 1893 3137 necr-

530 3186 621 3240 eatas
644 3182 774 3243 uicatim
797 3182 978 3258 dedicabat,
1003 3192 1038 3244 nt
1060 3184 1239 3261 Apollinem
1255 3182 1493 3245 Sandaliarium
1516 3182 1679 3261 Iovemque
1704 3180 1896 3259 breynodum

529 3283 667 3361 aliaque.
725 3282 804 3346 Mihi
835 3289 949 3347 neuma
976 3284 1082 3368 opinio
1109 3304 1186 3347 vera
1213 3283 1353 3360 videtur,
1384 3304 1584 3366 quamquam
1606 3303 1670 3349 non
1697 3302 1777 3365 nego
1803 3288 1894 3346 reate

529 3382 705 3449 Prellerum
727 3386 975 3470 Zumptiumque
1006 3387 1107 3451 basim
1136 3386 1218 3450 hanc
1245 3387 1406 3451 rettulisse
1435 3386 1475 3451 ad
1498 3393 1675 3451 statuarum
1699 3406 1808 3451 earum
1831 3386 1894 3449 ali-

532 3506 643 3568 quam,
675 3488 714 3574 de
738 3490 854 3574 quibus
878 3490 900 3554 l.
917 3511 943 3554 c.
969 3489 1139 3554 Suetonius
1162 3489 1249 3556 dicit.
1295 3489 1377 3553 Nam
1399 3490 1529 3573 siquid
1551 3490 1660 3567 video,
1683 3490 1813 3555 vicatim
1836 3488 1895 3553 de-

531 3591 636 3657 dicare
659 3613 722 3657 non
746 3600 795 3658 est
817 3594 881 3659 nisi
904 3614 1084 3659 consecrare
1100 3594 1236 3659 Laribus
1258 3594 1408 3679 publicis,
1432 3616 1504 3659 cum
1525 3595 1589 3659 vici
1603 3594 1721 3659 fuerint
1741 3593 1774 3657 in
1789 3593 1897 3659 tutela

530 3697 658 3765 Larum.
709 3698 881 3763 Confirmet
907 3697 940 3761 id
969 3697 1083 3762 titulus
1115 3698 1230 3762 similis
1264 3718 1293 3763 a.
1315 3699 1378 3761 745
1407 3697 1531 3782 positus
1562 3697 1726 3763 dedicatus
1750 3695 1896 3761 Volcano

531 3800 641 3883 (Orell.
656 3802 749 3886 598);
773 3822 850 3865 nam
871 3822 944 3865 cum
965 3801 1133 3883 magistros
1155 3801 1298 3866 vicorum
1320 3800 1500 3883 Larumque
1523 3803 1687 3883 Augustus
1709 3820 1737 3864 a.
1761 3800 1897 3867 demum

531 3907 594 3968 747
625 3906 801 3970 instituerit
829 3905 963 3989 (Preller
985 3926 1049 3987 reg.
1072 3926 1104 3991 p.
1119 3906 1176 3990 82)
1205 3905 1315 3987 itaque
1342 3904 1436 3971 facile
1467 3903 1656 3988 explicetur,
1685 3926 1742 3969 our
1762 3904 1797 3967 iu
1821 3904 1897 3969 basi

532 4029 560 4071 a.
574 4010 638 4072 745
662 4009 757 4073 Lares
780 4008 902 4092 publici
924 4026 987 4073 non
1009 4006 1222 4085 nominentur,
1245 4008 1449 4073 inveniantur
1471 4013 1579 4073 autem
1599 4008 1750 4073 inaltera
1771 4028 1800 4071 a.
1814 4008 1894 4085 750,

532 4120 640 4177 temen
662 4113 759 4176 etiam
775 4112 910 4177 Vulcani
933 4113 1037 4199 cultus
1060 4120 1097 4177 ut
1118 4113 1261 4178 omnium
1284 4111 1453 4178 numinum
1476 4133 1557 4196 quae
1579 4118 1722 4177 arcerent
1743 4110 1897 4177 incendia

534 4236 630 4299 quam
652 4216 790 4279 maxime
815 4215 855 4281 ad
876 4217 962 4281 viem
984 4216 1139 4301 pertinuit
1162 4214 1272 4299 (Orell.
1288 4216 1372 4281 1385
1386 4216 1462 4300 sq.).
1508 4216 1613 4292 Quare
1635 4234 1739 4298 neque
1754 4214 1894 4281 Vulcani

533 4321 660 4404 signum
691 4320 768 4385 haec
800 4320 886 4387 basis
910 4341 1011 4404 neque
1037 4322 1154 4386 Larum
1176 4320 1235 4385 illa
1262 4320 1415 4386 sustinuit
1443 4340 1546 4403 neque
1574 4320 1652 4385 adeo
1676 4323 1832 4383 stetenmt
1858 4318 1895 4383 in

533 4424 665 4488 aedibus
681 4425 815 4489 Vulcani
839 4425 1003 4501 Larumve‚
1028 4424 1084 4489 sed
1109 4425 1148 4489 ed
1171 4424 1310 4509 compita
1340 4424 1480 4490 uicorum
1507 4424 1614 4490 nescio
1641 4442 1776 4506 quorum
1801 4422 1898 4504 signa

532 4529 671 4613 pretiosa
686 4528 762 4593 olim
777 4528 1004 4592 sustinuerunt.
1030 4530 1173 4605 Quonam
1189 4534 1298 4593 autem
1314 4534 1454 4611 tempora
1470 4526 1582 4593 aedem
1596 4526 1714 4593 Larum
1728 4527 1897 4607 Augustus

533 4631 685 4709 refecerit,
708 4633 879 4715 ignoratum.

644 4739 745 4801 Aedes
770 4740 859 4800 aleam
875 4739 1037 4801 Penatium
1058 4740 1092 4800 in
1115 4738 1211 4801 Velia.
1247 4737 1293 4801 uf.
1311 4736 1432 4801 Becher
1447 4756 1479 4821 p.
1493 4736 1568 4800 246.
1613 4735 1794 4817 Augustum
1814 4741 1898 4799 tem·

533 4841 623 4926 plum
645 4842 704 4905 hoc
726 4841 874 4905 refecisse
897 4841 971 4906 hinc
993 4846 1119 4905 tantum
1141 4840 1365 4925 comperimus.
1407 4839 1580 4923 Dionysius
1594 4846 1700 4905 autem
1718 4858 1816 4922 quam
1830 4838 1899 4905 eibi

533 4946 636 5009 visam
652 4944 804 5009 describit
820 4945 929 5009 aedem
944 4944 1038 5010 deum
1057 4944 1229 5009 Penatium
1247 4947 1275 5020 1,
1293 4945 1345 5021 68,
1362 4964 1400 5008 ea
1415 4949 1506 5009 vetus
1521 4943 1593 5020 fuit,
1615 4963 1678 5009 non
1694 4943 1735 5008 eb
1749 4944 1899 5025 Augusto

535 5050 720 5113 instaurata.
