4400 6175
550 706 611 790 rso

548 880 662 946 teriam
689 887 796 946 essent
817 880 1037 967 praedicandis
1061 902 1158 965 quam
1181 904 1201 946 a
1221 881 1317 946 rebus
1347 880 1530 946 domesticis
1557 879 1685 966 publice
1708 878 1892 944 enarrandis.

548 986 715 1053 Praeterea
737 985 775 1050 de
800 987 901 1051 turbis
925 986 1074 1052 civilibus
1098 987 1180 1052 dixit
1203 986 1332 1071 quidem
1356 986 1573 1072 compluribus
1597 985 1684 1062 locis,
1709 984 1766 1050 sed
1782 984 1893 1049 brevis-

549 1090 628 1155 sime
658 1097 689 1154 et
711 1090 893 1154 cautissime
923 1097 954 1155 et
976 1099 1013 1155 ut
1033 1111 1194 1175 nusquam
1222 1091 1352 1156 nomina
1380 1097 1512 1176 poneret
1533 1111 1642 1155 eorum
1665 1089 1721 1174 qui
1744 1096 1850 1153 contra
1863 1111 1893 1153 se
1998 1090 1999 1115 l

549 1213 638 1257 arma
662 1193 813 1258 tulissent
839 1194 933 1259 bellis
960 1195 1127 1276 civilibus,
1168 1201 1204 1258 ut
1231 1195 1272 1259 M.
1296 1193 1389 1259 Bruti
1414 1202 1447 1258 et
1473 1194 1507 1260 C.
1530 1194 1633 1259 Cassii
1660 1196 1800 1276 (scottos
1833 1213 1893 1270 ¹23

548 1301 603 1379 qut
623 1307 788 1380 parentem
817 1320 914 1362 mcum
944 1301 1148 1363 occiderant.-
1170 1323 1179 1360 ι
1204 1311 1268 1378 ro),
1299 1299 1341 1365 M.
1361 1298 1494 1363 Antonii
1518 1297 1644 1382 (bostis
1668 1319 1735 1361 cum
1757 1317 1817 1378 quo
1839 1297 1896 1359 bol·

550 1403 610 1464 lum
638 1423 821 1484 gesseram.-
853 1425 886 1464 iv
908 1421 938 1465 co
960 1403 999 1465 cl.
1023 1421 1072 1466 vs
1095 1410 1128 1466 et
1155 1402 1291 1479 Diobl,
1310 1401 1387 1486 19),
1419 1401 1461 1468 M.
1483 1400 1596 1486 Lepidi
1624 1401 1681 1484 (co
1704 1409 1827 1464 mortuo
1848 1404 1896 1482 qai

548 1507 584 1568 id
605 1507 817 1570 sacerdotium
841 1547 882 1556 -
905 1506 1124 1589 pontificatum
1147 1507 1323 1571 maximum
1341 1543 1378 1553 -
1395 1527 1454 1588 pce·
1477 1509 1588 1570 ca'os‘lcs
1612 1507 1827 1569 dissessiones
1848 1524 1895 1568 oc

551 1618 739 1689 cupcoerot:
763 1632 784 1671 n
801 1608 867 1693 as),
899 1607 972 1674 Ser.
994 1608 1138 1694 Pompeii
1169 1611 1386 1693 (proedooess
1417 1598 1504 1688 vr).
1548 1608 1656 1673 Cladis
1677 1608 1833 1672 Varianae
1860 1608 1896 1672 si-

549 1710 737 1794 miliumque
758 1713 1002 1777 infortuniorum
1025 1713 1218 1778 mentionem
1240 1733 1303 1778 nou
1318 1713 1388 1777 lieri
1403 1712 1457 1777 vix
1473 1732 1551 1798 opus
1567 1717 1617 1777 est
1631 1731 1774 1790 monere;
1799 1718 1897 1775 contra

549 1822 740 1881 memoratur
770 1817 928 1902 expeditio
956 1837 1019 1881 non
1049 1818 1150 1882 multo
1178 1819 1279 1902 magis
1308 1819 1400 1896 felix,
1432 1817 1488 1882 sed
1517 1839 1580 1882 non
1603 1814 1800 1881 conclamata
1821 1814 1896 1878 Aelii

550 1918 634 1982 Galli
665 1921 705 2004 (v
737 1919 797 2004 rs).
862 1921 1008 2004 Denique
1036 1941 1152 1985 arcana
1178 1922 1308 2006 imperii
1335 1922 1369 1985 in
1396 1922 1455 1985 tali
1491 1920 1661 2005 scriptione
1687 1939 1782 1984 nemo
1810 1939 1896 1983 sanus

550 2029 691 2106 quaeret,
721 2025 774 2090 sed
801 2046 847 2102 sa,
878 2047 958 2109 qnae
981 2025 1134 2110 populum
1163 2026 1348 2091 universum
1370 2033 1403 2090 et
1423 2025 1624 2111 plebeculam
1643 2023 1786 2090 maxime
1808 2023 1844 2087 de
1867 2042 1896 2085 se

547 2127 676 2192 credere
697 2128 794 2193 vellet
816 2129 987 2214 imperator
1010 2129 1110 2194 animi
1132 2128 1242 2193 callidi
1264 2130 1364 2212 magis
1388 2150 1485 2213 quam
1499 2122 1649 2194 sublimis
1664 2127 1787 2212 quique
1801 2124 1896 2208 magui

451 2273 454 2278 ·
549 2228 611 2298 viri
631 2248 798 2314 personam
820 2240 893 2319 apte
915 2235 1047 2316 gesserit
1067 2235 1138 2318 ipse
1160 2254 1224 2299 non
1246 2255 1389 2318 magnus.

593 2333 669 2419 Cap.
693 2335 718 2398 1.

674 2459 775 2503 11-a
797 2439 1063 2506 Adulescentulus
1088 2442 1262 2506 exercitum
1285 2450 1455 2527 comparat.

700 2563 773 2607 s-r
796 2544 876 2609 Loco
899 2545 1058 2630 consulari
1081 2545 1239 2628 adlegitur
1262 2546 1296 2610 in
1319 2554 1476 2622 senatum,
1501 2545 1578 2610 item
1601 2545 1775 2630 imperium
1794 2541 1898 2626 accipit

860 2654 1092 2734 propraetore.

700 2771 774 2816 7-s
796 2753 912 2816 Consul
929 2754 945 2818 Ι
969 2760 1093 2819 creatur
1118 2762 1150 2818 et
1171 2751 1271 2819 Mlv'ir
1292 2775 1317 2818 r.
1334 2775 1365 2839 p.
1382 2775 1408 2816 e.

595 2854 670 2938 Cap.
687 2855 729 2922 ll.

675 2977 804 3022 110-12
826 2960 891 3024 Lex
915 2961 1023 3026 Pedia.
1058 2961 1188 3026 BeMum
1211 2959 1426 3046 Philippense.

586 3061 670 3148 Cap.
686 3062 743 3128 Ml.

675 3186 804 3233 ris-rs
826 3170 920 3234 Bella
932 3176 1084 3235 sustenta.
1123 3168 1256 3233 Civibus
1278 3175 1311 3233 et
1332 3167 1492 3253 plerisque
1513 3168 1654 3233 externis
1676 3168 1777 3233 victor
1799 3165 1898 3253 parcit.
2000 3191 2001 3212 r

701 3289 804 3337 ro--re
826 3274 983 3339 Numerus
1006 3274 1147 3339 militurn
1169 3281 1203 3338 et
1223 3281 1454 3339 veteranorum.

554 3432 556 3441 ,
712 3393 751 3439 19.
768 3395 798 3441 ao
824 3377 981 3442 Numerus
1004 3378 1135 3441 navium
1158 3391 1333 3462 captarum.

596 3477 674 3562 Cap.
689 3478 743 3543 IV.

674 3600 805 3646 rar-—as
826 3582 984 3647 Numerus
1000 3583 1184 3648 ovatiormm
1199 3592 1232 3649 et
1249 3584 1493 3670 triumphorum.
1516 3582 1686 3670 Triumphi
1700 3604 1765 3649 non
1780 3578 1901 3665 accepti.

701 3702 805 3750 as-so
828 3684 986 3751 Numerus
999 3687 1269 3771 supplicationum
1283 3697 1316 3752 et
1329 3688 1453 3753 dierum
1464 3708 1521 3772 per
1533 3708 1613 3772 quos
1624 3688 1839 3773 supplicatum
1850 3688 1902 3747 est.

713 3808 794 3855 aare
828 3790 986 3857 Numerus
1019 3812 1131 3875 regum
1163 3812 1338 3876 regumque
1372 3792 1545 3857 liberorum
1579 3792 1613 3857 in
1645 3790 1817 3877 triumphis
1841 3786 1902 3851 illis

877 3894 1052 3960 ductorum.

700 4016 803 4063 ss—-so
826 4000 894 4077 Quo
917 4006 1060 4084 tempore
1081 4000 1160 4063 haec
1183 3999 1301 4085 scripta
1323 4000 1396 4064 sint.

597 4102 673 4185 Cap.
689 4102 727 4165 V.

571 4248 574 4259 ·
676 4227 687 4267 1
725 4224 804 4269 susa
838 4205 1002 4271 Dictatura
1023 4228 1087 4272 non
1110 4212 1247 4291 accepta.

703 4327 806 4374 aa-sc
829 4309 912 4374 Cura
934 4330 1086 4375 annonae.

720 4430 759 4479 as.
772 4432 801 4478 se
835 4413 1025 4479 Consulatus
1048 4420 1222 4499 perpetuus
1245 4432 1308 4478 non
1331 4419 1490 4497 acceptus.

597 4516 675 4601 Cap.
692 4517 745 4581 Vl.

832 4622 917 4685 Cura
939 4621 1045 4703 legum
1068 4626 1100 4683 et
1121 4638 1248 4684 morum
1270 4626 1303 4684 et
1323 4626 1464 4705 potestas
1485 4618 1668 4685 tribunicia.

830 4724 975 4807 Collegae
997 4722 1188 4788 tribuniciae
1210 4724 1387 4808 potestatis.

596 4829 675 4911 Cap.
692 4828 760 4893 Vll.

832 4931 995 4996 Triumvir
1017 4952 1042 4995 r.
1059 4954 1091 5015 p.
1109 4955 1136 4996 c.

828 5036 980 5121 Princeps
1004 5040 1143 5101 senatus.

832 5139 1024 5205 Sacerdotis.
